last_update_id,send_time,receive_time,bids,asks
27921179389,1669017964109,1669017964109,16038.91,0.09075,16038.78,0.07979,16038.69,0.09755,16038.68,0.02197,16038.61,0.00998,16038.52,0.00124,16038.51,0.02997,16038.45,0.00999,16038.32,0.00185,16038.16,0.00998,16038.14,0.46938,16038.13,0.00146,16038.12,0.03048,16038.11,0.00649,16038.1,0.00655,16038.09,0.001,16038.05,0.06234,16038,0.01104,16037.94,0.001,16037.93,0.01848,16039.63,0.00219,16039.64,0.00341,16039.81,0.0068,16039.91,0.001,16039.94,0.001,16039.97,0.01913,16040.04,0.001,16040.12,0.006,16040.52,0.002,16040.57,0.001,16040.61,0.001,16040.62,0.01228,16040.63,0.07176,16040.64,0.1615,16040.69,0.01571,16040.75,0.00064,16040.81,0.01571,16040.82,0.01571,16041.05,0.04365,16041.06,0.0748
27921179440,1669017964209,1669017964209,16038.83,0.01409,16038.71,0.0114,16038.68,0.00143,16038.17,0.28803,16038.16,0.05,16038.15,0.31584,16038.14,0.45081,16038.13,0.0638,16038.12,0.03048,16038.11,0.00649,16038.1,0.00655,16038,0.01104,16037.94,0.001,16037.93,0.01848,16037.89,0.00155,16037.88,0.01,16037.87,0.05,16037.79,0.02195,16037.77,0.006,16037.76,0.0032,16039.11,0.0007,16039.6,0.11034,16039.61,0.07815,16039.62,0.1,16039.63,0.00219,16039.64,0.00341,16039.81,0.0068,16039.91,0.001,16039.94,0.001,16039.97,0.01913,16040.04,0.001,16040.12,0.006,16040.52,0.003,16040.57,0.001,16040.61,0.001,16040.62,0.01228,16040.63,0.07176,16040.64,0.1615,16040.69,0.01571,16040.75,0.00064
27921179561,1669017964308,1669017964308,16038.55,0.06392,16038.53,0.07327,16038.32,0.0007,16038.15,0.08067,16038.14,0.45081,16038.13,0.00146,16038.12,0.03048,16038.11,0.00649,16038.1,0.00655,16038.04,0.00065,16038,0.01104,16037.94,0.001,16037.93,0.012,16037.89,0.00155,16037.88,0.01,16037.87,0.05,16037.79,0.02195,16037.77,0.006,16037.76,0.0032,16037.66,0.006,16039.93,0.04,16039.96,0.04063,16039.97,0.01913,16040.04,0.001,16040.12,0.006,16040.52,0.003,16040.57,0.001,16040.61,0.001,16040.62,0.05593,16040.63,0.06586,16040.64,0.1615,16040.69,0.01571,16040.74,0.001,16040.75,0.00064,16040.81,0.01571,16040.82,0.01571,16041.09,0.0119,16041.12,0.001,16041.23,0.01028,16041.29,0.07578
27921179670,1669017964410,1669017964410,16038.7,0.26331,16038.68,0.21517,16038.67,0.05286,16038.56,0.01409,16038.55,0.06392,16038.45,0.03,16038.32,0.0007,16038.19,0.00063,16038.18,0.46799,16038.15,0.08067,16038.14,0.45081,16038.13,0.00146,16038.12,0.03048,16038.11,0.00649,16038.1,0.00655,16038,0.01041,16037.97,0.00636,16037.94,0.001,16037.93,0.012,16037.89,0.00155,16039.44,0.00065,16039.89,0.05631,16039.91,0.03364,16039.92,0.00449,16039.93,0.06,16039.96,0.04063,16039.97,0.01913,16040.04,0.001,16040.1,0.00674,16040.12,0.006,16040.46,0.00063,16040.52,0.004,16040.57,0.002,16040.6,0.00659,16040.61,0.001,16040.62,0.01328,16040.63,0.06586,16040.69,0.01571,16040.73,0.001,16040.74,0.001
27921179732,1669017964509,1669017964509,16038.9,0.05499,16038.84,0.04041,16038.7,0.00224,16038.68,0.00118,16038.56,0.01409,16038.55,0.06392,16038.45,0.03,16038.44,0.04,16038.32,0.0007,16038.19,0.00063,16038.15,0.08067,16038.14,0.45081,16038.13,0.00146,16038.12,0.03048,16038.11,0.00649,16038.1,0.00655,16038,0.01041,16037.97,0.00636,16037.94,0.001,16037.93,0.012,16039.42,0.05631,16039.44,0.00065,16039.92,0.00449,16039.93,0.06,16039.96,0.04063,16039.97,0.01913,16040.04,0.001,16040.1,0.00674,16040.12,0.006,16040.45,0.001,16040.46,0.00063,16040.52,0.004,16040.56,0.01559,16040.57,0.002,16040.6,0.00659,16040.61,0.001,16040.62,0.001,16040.63,0.001,16040.69,0.01571,16040.72,0.001
27921179789,1669017964609,1669017964609,16038.33,0.01331,16038.32,0.0007,16038.31,0.01922,16038.3,0.0128,16038.25,0.02494,16038.19,0.00063,16038.15,0.08067,16038.14,0.45081,16038.13,0.00146,16038.12,0.03048,16038.11,0.00649,16038.1,0.00655,16038,0.01041,16037.97,0.00636,16037.94,0.001,16037.93,0.012,16037.89,0.00155,16037.88,0.01,16037.87,0.05,16037.79,0.02195,16038.96,0.14772,16038.97,0.14915,16038.98,0.06575,16039,0.00961,16039.38,0.03364,16039.66,0.00138,16039.67,0.00674,16039.88,0.01074,16039.92,0.00449,16039.93,0.06,16039.96,0.04063,16039.97,0.01913,16040.04,0.001,16040.12,0.006,16040.45,0.001,16040.46,0.00063,16040.52,0.004,16040.57,0.002,16040.6,0.00659,16040.61,0.001
27921179849,1669017964711,1669017964711,16038.32,0.0007,16038.25,0.02494,16038.19,0.00063,16038.15,0.08067,16038.14,0.45081,16038.13,0.00146,16038.11,0.00649,16038.04,0.00065,16038,0.01041,16037.97,0.06234,16037.94,0.001,16037.93,0.012,16037.89,0.00155,16037.88,0.01,16037.87,0.05,16037.79,0.02195,16037.77,0.006,16037.76,0.0032,16037.66,0.006,16037.64,0.00994,16038.81,0.14915,16038.82,0.15186,16038.84,0.001,16038.96,0.001,16039,0.00961,16039.13,0.01409,16039.25,0.54,16039.55,0.06234,16039.66,0.00138,16039.67,0.00674,16039.92,0.00449,16039.93,0.06,16039.94,0.00667,16039.96,0.04063,16039.97,0.01913,16040.04,0.001,16040.12,0.006,16040.44,0.001,16040.45,0.001,16040.46,0.00063
27921179926,1669017964810,1669017964810,16038.97,0.07101,16038.79,0.07814,16038.78,0.1,16038.77,0.08067,16038.76,0.01922,16038.75,0.04885,16038.74,0.41378,16038.33,0.00708,16038.32,0.0007,16038.25,0.58609,16038.19,0.00063,16038.14,0.45081,16038.13,0.00146,16038.11,0.00649,16038,0.01041,16037.97,0.06234,16037.94,0.001,16037.93,0.012,16037.89,0.00155,16037.88,0.01,16039.24,0.23944,16039.25,0.56024,16039.44,0.00065,16039.66,0.00138,16039.67,0.00674,16039.92,0.00449,16039.93,0.06,16039.94,0.00667,16039.96,0.04063,16039.97,0.01913,16040.12,0.006,16040.44,0.001,16040.45,0.001,16040.46,0.00063,16040.52,0.003,16040.57,0.002,16040.61,0.001,16040.62,0.002,16040.63,0.001,16040.69,0.01571
27921180019,1669017964910,1669017964910,16039.26,0.03076,16038.8,0.0124,16038.77,0.00662,16038.75,0.21517,16038.48,0.02,16038.44,0.01409,16038.36,0.001,16038.33,0.00708,16038.32,0.0007,16038.26,0.46799,16038.25,0.58609,16038.19,0.00063,16038.14,0.45081,16038.13,0.00146,16038,0.01041,16037.98,0.001,16037.97,0.06234,16037.96,0.00698,16037.94,0.001,16037.93,0.012,16039.74,0.01187,16039.75,0.01999,16039.89,0.05631,16039.9,0.16546,16039.91,0.12469,16039.92,0.00449,16039.93,0.06,16039.96,0.04063,16039.97,0.01913,16040.12,0.006,16040.39,0.00649,16040.44,0.001,16040.45,0.001,16040.46,0.00063,16040.52,0.002,16040.57,0.002,16040.62,0.002,16040.63,0.001,16040.7,0.0106,16040.72,0.001
27921180086,1669017965010,1669017965010,16039.45,0.006,16039.29,0.01826,16038.96,0.001,16038.94,0.01409,16038.89,0.001,16038.88,0.001,16038.84,0.00658,16038.8,0.0124,16038.77,0.00662,16038.75,0.21517,16038.6,0.01559,16038.48,0.02,16038.45,0.00063,16038.37,0.06234,16038.36,0.001,16038.33,0.00708,16038.32,0.0007,16038.31,0.09368,16038.26,0.46799,16038.25,0.58609,16039.75,0.01923,16039.9,0.11933,16039.93,0.06,16039.96,0.04063,16039.97,0.01913,16040.09,0.006,16040.12,0.006,16040.39,0.00649,16040.44,0.001,16040.45,0.001,16040.51,0.06234,16040.52,0.002,16040.57,0.002,16040.62,0.002,16040.63,0.001,16040.7,0.0106,16040.72,0.001,16040.73,0.001,16040.74,0.001,16040.75,0.00064
27921180113,1669017965111,1669017965111,16039.45,0.006,16039.29,0.01826,16038.96,0.001,16038.95,0.02115,16038.94,0.01675,16038.89,0.001,16038.88,0.001,16038.84,0.00658,16038.8,0.0124,16038.77,0.00862,16038.76,0.0256,16038.75,0.21517,16038.6,0.01559,16038.48,0.02,16038.45,0.00063,16038.42,0.001,16038.37,0.06334,16038.36,0.001,16038.33,0.00708,16038.32,0.0007,16039.75,0.01923,16039.93,0.06,16039.97,0.01913,16040.09,0.006,16040.12,0.006,16040.39,0.00649,16040.44,0.001,16040.45,0.001,16040.51,0.06234,16040.52,0.002,16040.57,0.001,16040.62,0.002,16040.63,0.001,16040.7,0.0106,16040.72,0.00163,16040.73,0.001,16040.74,0.001,16040.75,0.00064,16040.89,0.00637,16041.12,0.001
27921180172,1669017965210,1669017965210,16039.23,0.04,16039.17,0.02059,16038.94,0.01675,16038.89,0.001,16038.88,0.001,16038.84,0.00658,16038.8,0.0124,16038.77,0.00862,16038.76,0.0256,16038.48,0.01559,16038.45,0.00063,16038.42,0.001,16038.37,0.06334,16038.36,0.001,16038.33,0.00708,16038.32,0.0007,16038.31,0.09368,16038.26,0.46799,16038.25,0.58609,16038.14,0.45081,16039.72,0.06444,16039.73,0.05457,16039.74,0.0952,16039.76,0.01299,16039.93,0.05924,16039.97,0.01913,16040.09,0.006,16040.12,0.006,16040.39,0.00649,16040.44,0.001,16040.45,0.001,16040.52,0.001,16040.57,0.001,16040.62,0.002,16040.63,0.001,16040.7,0.0106,16040.72,0.00163,16040.73,0.001,16040.74,0.001,16040.75,0.00064
27921180203,1669017965311,1669017965311,16039.23,0.04,16038.95,0.01271,16038.94,0.01675,16038.89,0.001,16038.88,0.001,16038.86,0.001,16038.84,0.00658,16038.8,0.0124,16038.77,0.00862,16038.48,0.01559,16038.45,0.00063,16038.42,0.001,16038.37,0.06334,16038.36,0.001,16038.33,0.00708,16038.32,0.0007,16038.31,0.09368,16038.26,0.46799,16038.25,0.58609,16038.15,0.01,16039.71,0.02814,16039.72,0.06444,16039.74,0.0952,16039.76,0.01299,16039.93,0.05924,16039.97,0.01913,16040.09,0.006,16040.12,0.006,16040.14,0.00065,16040.39,0.00649,16040.44,0.001,16040.45,0.001,16040.5,0.06234,16040.52,0.001,16040.57,0.001,16040.62,0.001,16040.7,0.0106,16040.72,0.00163,16040.75,0.00064,16040.89,0.00637
27921180224,1669017965410,1669017965410,16039.42,0.006,16039.24,0.08067,16039.23,0.04,16038.95,0.01271,16038.94,0.01675,16038.89,0.001,16038.88,0.001,16038.87,0.001,16038.86,0.001,16038.84,0.00658,16038.8,0.0124,16038.77,0.00862,16038.71,0.06234,16038.48,0.01559,16038.45,0.00063,16038.42,0.001,16038.38,0.0256,16038.37,0.06334,16038.36,0.001,16038.33,0.00708,16039.72,0.06444,16039.74,0.0952,16039.76,0.01299,16039.93,0.05924,16039.97,0.01913,16040.09,0.006,16040.12,0.006,16040.14,0.00065,16040.39,0.00649,16040.43,0.006,16040.44,0.001,16040.45,0.001,16040.5,0.06234,16040.62,0.001,16040.7,0.0106,16040.72,0.00163,16040.75,0.00064,16040.89,0.00637,16041,0.002,16041.1,0.001
27921180306,1669017965510,1669017965510,16039.52,0.00876,16038.89,0.05526,16038.88,0.001,16038.87,0.001,16038.86,0.001,16038.84,0.00658,16038.8,0.0124,16038.77,0.00862,16038.71,0.06234,16038.45,0.00063,16038.42,0.002,16038.38,0.0256,16038.37,0.06534,16038.36,0.001,16038.33,0.00708,16038.32,0.0007,16038.31,0.09368,16038.26,0.46799,16038.25,0.58609,16038.23,0.02,16039.96,0.12435,16040.09,0.006,16040.12,0.006,16040.14,0.00065,16040.39,0.00649,16040.43,0.006,16040.44,0.001,16040.5,0.06234,16040.62,0.001,16040.7,0.0106,16040.72,0.00063,16040.89,0.00637,16040.98,0.001,16041,0.00824,16041.1,0.001,16041.12,0.001,16041.25,0.09258,16041.26,0.1615,16041.41,0.00262,16041.43,0.04
27921180417,1669017965611,1669017965611,16039.9,0.00982,16039.66,0.02814,16039.65,0.05,16039.61,0.00635,16039.43,0.00274,16039.19,0.00311,16039.08,0.0066,16038.91,0.25145,16038.88,0.001,16038.87,0.001,16038.86,0.001,16038.84,0.00658,16038.8,0.0124,16038.77,0.002,16038.49,0.08731,16038.45,0.00063,16038.42,0.002,16038.37,0.06534,16038.36,0.001,16038.33,0.00708,16040.3,0.05631,16040.32,0.01409,16040.77,0.00675,16041.21,0.10608,16041.23,0.15523,16041.24,0.20806,16041.25,0.00077,16041.52,0.01571,16041.6,0.02601,16041.64,0.01571,16041.66,0.01571,16041.68,0.00688,16041.72,0.00677,16041.77,0.0022,16041.81,0.01918,16041.82,0.01654,16041.84,0.07786,16041.86,0.23447,16041.94,0.01028,16042,0.00961
27921180620,1669017965710,1669017965710,16040.77,0.05,16040.76,0.05,16040.75,0.06,16040.71,0.00698,16040.25,0.00693,16040.01,0.02,16040,0.02,16039.98,0.08488,16039.96,0.02,16039.94,0.33527,16039.76,0.00641,16039.67,0.03,16039.66,0.08382,16039.43,0.00274,16039.39,0.00645,16039.25,0.025,16039.19,0.00311,16039.06,0.00063,16038.92,0.04655,16038.91,0.25145,16041.58,0.04309,16041.59,0.05,16041.6,0.02601,16041.77,0.0022,16041.8,0.00699,16041.81,0.01918,16041.82,0.01654,16041.84,0.14109,16041.86,0.0075,16042,0.00961,16042.08,0.06235,16042.2,0.1615,16042.34,0.01086,16042.42,0.11379,16042.43,0.19173,16042.44,1.57075,16042.45,2.14647,16042.46,0.18697,16042.47,0.00093,16042.51,0.16516
27921180720,1669017965810,1669017965810,16039.77,0.37959,16039.76,0.00641,16039.67,0.08382,16039.59,0.06233,16039.43,0.00274,16039.39,0.00645,16039.26,0.6566,16039.25,0.1883,16039.19,0.00311,16039.06,0.00063,16038.93,0.04493,16038.92,0.04655,16038.88,0.001,16038.87,0.001,16038.86,0.001,16038.84,0.00658,16038.8,0.0124,16038.77,0.002,16038.65,0.01999,16038.51,0.33088,16040.4,0.006,16041.45,0.02876,16041.54,0.11339,16041.55,0.05,16041.56,0.03046,16041.77,0.0022,16041.8,0.00699,16041.81,0.01918,16041.82,0.01654,16041.84,0.06323,16041.86,0.0075,16041.99,0.00647,16042,0.00961,16042.08,0.06235,16042.34,0.01086,16042.43,0.19173,16042.44,1.57075,16042.45,0.06235,16042.47,0.00093,16042.49,0.00668
27921180856,1669017965911,1669017965911,16040.76,0.00068,16040.26,0.00667,16039.87,0.01841,16039.86,0.30145,16039.78,0.08382,16039.67,0.02,16039.43,0.00274,16039.27,0.46799,16039.26,0.6566,16039.25,0.1883,16039.24,0.1612,16039.19,0.00311,16039.11,0.00641,16039.06,0.00063,16038.93,0.00398,16038.88,0.001,16038.87,0.001,16038.86,0.001,16038.85,0.22785,16038.84,0.00658,16040.84,0.00065,16041.19,0.05,16041.35,0.02814,16041.44,0.00162,16041.61,0.00689,16041.75,0.001,16041.77,0.0022,16041.82,0.01654,16041.83,0.01918,16041.84,0.06423,16041.86,0.0075,16042,0.00961,16042.08,0.06235,16042.2,0.00678,16042.34,0.01086,16042.4,0.1615,16042.41,0.001,16042.43,0.19173,16042.44,0.26454,16042.45,0.06235
27921180901,1669017966012,1669017966012,16040.76,0.00877,16040.56,0.00784,16040.26,0.00667,16040.04,0.01409,16039.89,0.13037,16039.88,0.01338,16039.86,0.30145,16039.78,0.08382,16039.67,0.02,16039.65,0.06234,16039.43,0.00274,16039.38,0.001,16039.27,0.46799,16039.26,0.6566,16039.25,0.1883,16039.24,0.1612,16039.19,0.00311,16039.11,0.00641,16039.06,0.00063,16038.93,0.00398,16040.84,0.00065,16041.44,0.00162,16041.61,0.00689,16041.75,0.001,16041.77,0.0022,16041.82,0.01654,16041.83,0.01918,16041.84,0.06423,16041.86,0.0075,16042,0.00961,16042.08,0.06235,16042.2,0.00678,16042.34,0.01086,16042.39,0.00699,16042.4,0.1615,16042.41,0.001,16042.45,0.06235,16042.47,0.00093,16042.51,0.16516,16042.52,0.06235
27921180953,1669017966112,1669017966112,16040.76,0.00101,16040.37,0.00311,16040.26,0.00667,16040.05,0.26795,16040.04,0.01409,16039.99,0.06234,16039.89,0.13037,16039.88,0.01338,16039.87,0.08148,16039.86,0.05,16039.77,0.08366,16039.67,0.02,16039.65,0.06234,16039.43,0.00274,16039.4,0.001,16039.38,0.001,16039.27,0.46799,16039.26,0.6566,16039.25,0.1883,16039.24,0.1612,16040.77,0.02009,16040.84,0.00065,16041.21,0.00341,16041.44,0.00162,16041.6,0.02814,16041.61,0.00689,16041.75,0.001,16041.76,0.08382,16041.77,0.0022,16041.81,0.19647,16041.82,0.01654,16041.83,0.01918,16041.84,0.06423,16041.86,0.0075,16042,0.00961,16042.06,0.001,16042.07,0.00696,16042.08,0.06235,16042.2,0.00778,16042.34,0.01086
27921181002,1669017966212,1669017966212,16040.37,0.00306,16040.07,0.001,16040.04,0.01409,16040,0.00624,16039.88,0.01338,16039.87,0.08148,16039.86,0.05,16039.8,0.0063,16039.77,0.08366,16039.65,0.06234,16039.43,0.00274,16039.4,0.001,16039.38,0.001,16039.27,0.46799,16039.19,0.20311,16039.11,0.00641,16039.06,0.00063,16038.93,0.00398,16038.87,0.001,16038.86,0.001,16040.51,0.00482,16040.76,0.05664,16040.84,0.00065,16041.21,0.00341,16041.44,0.00162,16041.6,0.02814,16041.61,0.00689,16041.75,0.13914,16041.76,0.08382,16041.77,0.0022,16041.81,0.08382,16041.82,0.01654,16041.83,0.01918,16041.84,0.001,16041.86,0.0075,16042,0.00961,16042.06,0.002,16042.07,0.00696,16042.08,0.06235,16042.2,0.00778
27921181056,1669017966312,1669017966312,16040.37,0.00645,16040.07,0.001,16040,0.00624,16039.89,0.0165,16039.88,0.01338,16039.87,0.08148,16039.86,0.05,16039.8,0.0063,16039.77,0.08366,16039.76,0.00063,16039.71,0.01409,16039.63,0.06234,16039.58,0.001,16039.43,0.00274,16039.4,0.001,16039.38,0.001,16039.28,0.04655,16039.19,0.20311,16039.11,0.00641,16039,0.01,16040.59,0.01982,16040.76,0.05664,16040.84,0.00065,16041.21,0.00341,16041.44,0.00162,16041.59,0.11265,16041.6,0.02814,16041.61,0.00689,16041.74,0.00799,16041.75,0.13914,16041.77,0.0022,16041.82,0.01654,16041.84,0.001,16041.86,0.0075,16042,0.00961,16042.06,0.002,16042.07,0.02614,16042.08,0.06235,16042.2,0.00778,16042.29,0.001
27921181073,1669017966412,1669017966412,16040.37,0.00645,16040.07,0.001,16040,0.00624,16039.89,0.0165,16039.88,0.01338,16039.87,0.08148,16039.86,0.05,16039.8,0.0063,16039.77,0.08366,16039.76,0.00063,16039.71,0.01409,16039.63,0.06234,16039.58,0.001,16039.43,0.00274,16039.4,0.001,16039.38,0.001,16039.28,0.04655,16039.21,0.03,16039.19,0.20311,16039.13,0.08356,16040.49,0.03248,16040.59,0.02056,16040.76,0.05664,16040.84,0.00065,16041.21,0.00341,16041.44,0.00162,16041.59,0.11265,16041.61,0.00689,16041.74,0.00799,16041.75,0.001,16041.77,0.0022,16041.82,0.01654,16041.84,0.001,16041.86,0.0075,16042,0.00961,16042.06,0.002,16042.07,0.02614,16042.08,0.06235,16042.2,0.00778,16042.29,0.001
27921181157,1669017966512,1669017966512,16039.89,0.01324,16039.88,0.01338,16039.87,0.08148,16039.77,0.08366,16039.76,0.00063,16039.72,0.0054,16039.71,0.01409,16039.58,0.001,16039.43,0.00274,16039.4,0.001,16039.38,0.001,16039.28,0.04655,16039.21,0.03,16039.19,0.20311,16039.13,0.08356,16039.11,0.00641,16039,0.01624,16038.93,0.00398,16038.86,0.46799,16038.85,0.22785,16040.29,0.03609,16040.31,0.02814,16040.32,0.01982,16040.37,0.03613,16040.39,0.05,16040.4,0.03837,16040.48,0.19351,16040.52,0.03266,16040.59,0.00074,16040.76,0.05664,16040.84,0.00065,16040.9,0.04355,16040.93,0.01074,16041.14,0.00634,16041.21,0.00341,16041.41,0.00642,16041.44,0.00162,16041.67,0.01559,16041.74,0.001,16041.75,0.001
27921181247,1669017966612,1669017966612,16039.89,0.00108,16039.77,0.08366,16039.76,0.00063,16039.58,0.001,16039.49,0.01409,16039.43,0.00274,16039.4,0.001,16039.38,0.001,16039.3,0.00679,16039.28,0.04655,16039.21,0.031,16039.19,0.00311,16039.13,0.08356,16039.11,0.00641,16039,0.00624,16038.96,0.06234,16038.93,0.00398,16038.84,0.00658,16038.65,0.01999,16038.5,0.06854,16039.93,0.1,16039.94,0.04393,16040.23,0.05848,16040.38,0.0114,16040.59,0.00074,16040.72,0.0066,16040.76,0.05664,16040.86,0.04357,16040.9,0.04355,16041.21,0.00341,16041.41,0.00642,16041.74,0.001,16041.75,0.001,16041.77,0.0022,16041.82,0.01654,16041.84,0.001,16041.86,0.0075,16042,0.00961,16042.06,0.002,16042.07,0.01918
27921181317,1669017966713,1669017966713,16039.58,0.00056,16039.44,0.00065,16039.43,0.00274,16039.4,0.001,16039.38,0.001,16039.31,0.01126,16039.21,0.001,16039.19,0.00311,16039.13,0.09765,16039,0.00624,16038.93,0.00199,16038.84,0.00658,16038.65,0.01999,16038.57,0.06234,16038.51,0.46799,16038.5,0.14424,16038.49,0.08631,16038.44,0.001,16038.42,0.22785,16038.41,0.00426,16039.59,0.05914,16040.23,0.05848,16040.35,0.001,16040.36,0.001,16040.38,0.0114,16040.59,0.00074,16040.69,0.001,16040.72,0.0066,16040.75,0.1179,16040.76,0.05664,16040.86,0.04357,16040.88,0.0106,16040.9,0.04355,16041.21,0.00341,16041.41,0.00642,16041.43,0.1615,16041.74,0.001,16041.75,0.001,16041.77,0.0022,16041.78,0.03
27921181403,1669017966813,1669017966813,16039.14,0.07941,16039.13,0.07959,16039,0.00624,16038.98,0.00199,16038.84,0.00658,16038.79,0.0141,16038.65,0.01999,16038.61,0.04655,16038.6,0.00653,16038.57,0.06234,16038.52,0.33097,16038.51,0.46799,16038.49,0.08631,16038.42,0.22785,16038.41,0.00426,16038.4,0.04,16038.39,0.26773,16038.33,0.00708,16038.32,0.0007,16038.29,0.00676,16039.58,0.03914,16039.59,0.01999,16040.04,0.02814,16040.17,0.00634,16040.21,0.00162,16040.35,0.001,16040.36,0.001,16040.38,0.0114,16040.59,0.00074,16040.64,0.001,16040.66,0.00682,16040.69,0.001,16040.74,0.06983,16040.76,0.05664,16040.86,0.04357,16040.88,0.0116,16040.9,0.04355,16041,0.00624,16041.09,0.00715,16041.21,0.00341
27921181456,1669017966913,1669017966913,16039.17,0.01237,16039.16,0.00563,16039.13,0.07959,16039,0.00624,16038.98,0.00199,16038.84,0.00658,16038.79,0.0141,16038.61,0.04655,16038.6,0.00653,16038.57,0.06234,16038.55,0.00633,16038.54,0.001,16038.53,0.46799,16038.52,0.33097,16038.49,0.08631,16038.42,0.22785,16038.41,0.00426,16038.4,0.04,16038.39,0.26773,16038.37,0.00063,16039.89,0.16121,16039.9,0.01233,16040.17,0.00634,16040.21,0.00162,16040.35,0.001,16040.36,0.001,16040.38,0.0114,16040.53,0.01244,16040.59,0.00074,16040.64,0.001,16040.66,0.00682,16040.69,0.001,16040.76,0.05664,16040.85,0.00063,16040.88,0.0116,16041,0.00624,16041.09,0.00715,16041.21,0.00341,16041.42,0.06463,16041.43,0.1615
27921181542,1669017967013,1669017967013,16038.43,0.49083,16038.28,0.00671,16038.25,0.58609,16038.14,0.45081,16038.13,0.00146,16038,0.01041,16037.94,0.001,16037.93,0.14045,16037.92,0.2,16037.89,0.00155,16037.88,0.01,16037.87,0.05,16037.79,0.02835,16037.77,0.006,16037.76,0.0022,16037.75,0.00791,16037.66,0.1568,16037.65,0.8304,16037.59,0.001,16037.52,0.0075,16038.93,0.00658,16039.6,0.01999,16039.62,0.02388,16039.63,0.04,16039.71,0.04,16039.73,0.08,16039.75,0.06482,16039.77,0.001,16039.88,0.02814,16039.89,0.00074,16040.17,0.00634,16040.35,0.001,16040.36,0.001,16040.37,0.08631,16040.38,0.0114,16040.53,0.01244,16040.64,0.001,16040.66,0.00682,16040.69,0.001,16040.74,0.00199
27921181639,1669017967113,1669017967113,16038.74,0.00065,16038.64,0.03007,16038.63,0.006,16038.46,0.02892,16038.45,0.25145,16038.43,0.23938,16038.25,0.58609,16038.2,0.03,16038.14,0.45081,16038.13,0.00839,16038,0.01041,16037.94,0.06334,16037.93,0.44936,16037.89,0.00155,16037.88,0.01,16037.87,0.05,16037.79,0.02835,16037.77,0.006,16037.76,0.0022,16037.75,0.00791,16039.43,0.12353,16039.46,0.02915,16039.56,0.00999,16039.6,0.008,16039.71,0.01051,16039.72,0.08536,16039.73,0.1,16039.75,0.06482,16039.77,0.001,16039.88,0.06234,16039.89,0.00074,16039.91,0.00663,16039.93,0.04,16040.35,0.001,16040.36,0.001,16040.37,0.08631,16040.38,0.0114,16040.53,0.01244,16040.54,0.001,16040.64,0.001
27921181714,1669017967213,1669017967213,16039.31,0.02,16039.19,0.149,16039.18,0.06106,16039.05,0.0063,16038.75,0.27959,16038.74,0.00065,16038.65,0.08382,16038.64,0.03007,16038.63,0.0201,16038.55,0.00638,16038.54,0.001,16038.47,0.0114,16038.46,0.02329,16038.45,0.002,16038.43,0.00878,16038.3,0.06234,16038.26,0.31203,16038.25,0.58609,16038.14,0.45081,16038.13,0.00839,16040.46,0.04,16040.49,0.07836,16040.52,0.12468,16040.53,0.01244,16040.54,0.001,16040.64,0.001,16040.69,0.001,16040.72,0.001,16040.74,0.00199,16040.76,0.05664,16040.85,0.00063,16040.88,0.0116,16040.94,0.1615,16041,0.00624,16041.03,0.006,16041.09,0.00715,16041.13,0.0066,16041.21,0.00341,16041.59,0.68687,16041.6,0.18697
27921181839,1669017967314,1669017967314,16039.49,0.0026,16039.48,0.149,16039.47,0.02,16039.46,0.02,16039.41,0.02814,16039.38,0.31411,16039.32,0.0141,16039.18,0.0009,16039.05,0.0063,16038.74,0.00087,16038.64,0.03007,16038.63,0.006,16038.55,0.00638,16038.54,0.001,16038.49,0.025,16038.47,0.0134,16038.46,0.01998,16038.45,0.002,16038.43,0.00878,16038.26,0.31203,16040,0.00624,16040.14,0.00065,16040.28,0.06176,16040.47,0.001,16040.53,0.01244,16040.54,0.001,16040.64,0.001,16040.69,0.001,16040.72,0.001,16040.74,0.00199,16040.75,0.00646,16040.76,0.05664,16040.85,0.00063,16040.88,0.0116,16041,0.00624,16041.03,0.006,16041.09,0.00715,16041.13,0.0066,16041.21,0.00341,16041.24,0.00694
27921181899,1669017967414,1669017967414,16039.49,0.00175,16039.48,0.02817,16039.47,0.01985,16039.46,0.02,16039.38,0.24674,16039.32,0.0141,16039.18,0.0009,16039.05,0.0063,16038.86,0.001,16038.77,0.002,16038.74,0.00087,16038.64,0.03007,16038.63,0.006,16038.55,0.00638,16038.54,0.001,16038.48,0.06234,16038.47,0.0134,16038.46,0.01998,16038.45,0.002,16038.3,0.09368,16039.83,0.01999,16040,0.00624,16040.14,0.00065,16040.47,0.001,16040.53,0.01244,16040.54,0.001,16040.64,0.001,16040.69,0.001,16040.72,0.001,16040.74,0.00199,16040.75,0.00646,16040.76,0.05664,16040.85,0.00063,16040.88,0.0116,16040.89,0.001,16040.99,0.04,16041,0.00624,16041.03,0.006,16041.09,0.00715,16041.13,0.0066
27921181982,1669017967513,1669017967513,16039.63,0.006,16039.59,0.01095,16039.51,0.15119,16039.5,0.25145,16039.18,0.0009,16039.13,0.01559,16039.05,0.0063,16039.03,0.0141,16038.86,0.001,16038.77,0.002,16038.74,0.00087,16038.64,0.03007,16038.61,0.00063,16038.55,0.00638,16038.54,0.001,16038.47,0.0134,16038.46,0.01998,16038.45,0.002,16038.3,0.09368,16038.26,0.91735,16039.87,0.01055,16040.05,0.0106,16040.3,0.00069,16040.73,0.00162,16040.74,0.16041,16040.76,0.02342,16040.88,0.0116,16040.89,0.001,16040.98,0.00694,16040.99,0.04,16041,0.00624,16041.01,0.001,16041.03,0.006,16041.09,0.00715,16041.21,0.00341,16041.24,0.00694,16041.48,0.00063,16041.56,0.46799,16041.58,0.24916,16041.69,0.01571
27921182027,1669017967614,1669017967614,16039.18,0.0009,16039.06,0.25145,16039.05,0.0063,16039.03,0.0141,16038.86,0.001,16038.77,0.002,16038.74,0.00087,16038.65,0.08382,16038.64,0.03007,16038.61,0.00063,16038.55,0.00638,16038.54,0.001,16038.48,0.06234,16038.47,0.0134,16038.46,0.01998,16038.45,0.002,16038.31,0.00293,16038.3,0.09368,16038.26,0.91735,16038.25,0.58609,16040.04,0.01084,16040.14,0.01675,16040.29,0.08067,16040.3,0.00069,16040.56,0.00671,16040.72,0.0682,16040.74,0.02814,16040.88,0.0116,16040.89,0.001,16040.99,0.04,16041,0.00624,16041.01,0.001,16041.03,0.006,16041.09,0.00715,16041.21,0.00341,16041.24,0.00694,16041.27,0.1615,16041.44,0.001,16041.48,0.00063,16041.55,0.18894
27921182053,1669017967714,1669017967714,16039.52,0.001,16039.25,0.06737,16039.19,0.0141,16039.18,0.00348,16039.07,0.10435,16039.06,0.25145,16039.05,0.0063,16038.86,0.001,16038.77,0.002,16038.74,0.00087,16038.65,0.08382,16038.64,0.03007,16038.61,0.00063,16038.55,0.00638,16038.54,0.001,16038.48,0.06234,16038.47,0.0134,16038.46,0.01998,16038.45,0.002,16038.3,0.09368,16040.02,0.11495,16040.03,0.12469,16040.04,0.01084,16040.28,0.06176,16040.29,0.08067,16040.3,0.00069,16040.56,0.00671,16040.72,0.0682,16040.88,0.001,16040.89,0.001,16040.99,0.04,16041,0.00624,16041.01,0.001,16041.03,0.006,16041.09,0.00715,16041.21,0.00341,16041.24,0.00694,16041.27,0.1615,16041.35,0.001,16041.38,0.04
27921182075,1669017967814,1669017967814,16039.44,0.00041,16039.26,0.00293,16039.25,0.06737,16039.19,0.0141,16039.18,0.01588,16039.17,0.001,16039.08,0.001,16039.07,0.10435,16039.05,0.0063,16038.86,0.001,16038.77,0.002,16038.74,0.00087,16038.65,0.08382,16038.64,0.03007,16038.61,0.00063,16038.55,0.00638,16038.54,0.001,16038.48,0.06234,16038.47,0.0134,16038.46,0.01998,16040.01,0.02814,16040.02,0.08681,16040.03,0.12469,16040.04,0.01084,16040.28,0.06176,16040.29,0.08067,16040.3,0.00069,16040.56,0.00671,16040.89,0.001,16040.99,0.04,16041,0.00624,16041.01,0.001,16041.03,0.006,16041.09,0.00715,16041.21,0.00341,16041.24,0.00694,16041.27,0.1615,16041.35,0.001,16041.38,0.04,16041.44,0.001
27921182114,1669017967914,1669017967914,16039.19,0.0141,16039.18,0.01588,16039.17,0.001,16039.08,0.001,16038.86,0.001,16038.77,0.002,16038.76,0.001,16038.74,0.00087,16038.66,0.08791,16038.65,0.08382,16038.64,0.03007,16038.61,0.00063,16038.55,0.00638,16038.54,0.00753,16038.47,0.0134,16038.46,0.01998,16038.45,0.002,16038.3,0.09368,16038.28,0.001,16038.26,0.44485,16039.45,0.02956,16040.01,0.02814,16040.02,0.08681,16040.13,0.0065,16040.29,0.08067,16040.3,0.00069,16040.61,0.006,16040.89,0.001,16040.99,0.04,16041,0.00624,16041.01,0.001,16041.03,0.006,16041.09,0.00715,16041.21,0.00341,16041.24,0.00694,16041.26,0.06966,16041.27,0.1615,16041.35,0.001,16041.38,0.04,16041.44,0.001
27921182144,1669017968014,1669017968014,16039.18,0.01588,16039.17,0.001,16039.09,0.00199,16039.08,0.001,16038.86,0.001,16038.77,0.002,16038.76,0.001,16038.74,0.00087,16038.68,0.04611,16038.67,0.001,16038.66,0.0985,16038.65,0.0141,16038.64,0.03007,16038.61,0.00063,16038.59,0.001,16038.55,0.00638,16038.54,0.00753,16038.47,0.0134,16038.46,0.01998,16038.45,0.002,16039.45,0.02128,16040,0.08304,16040.01,0.06814,16040.13,0.0065,16040.29,0.08067,16040.3,0.00069,16040.61,0.006,16040.89,0.001,16040.99,0.04,16041,0.00624,16041.01,0.001,16041.03,0.006,16041.09,0.00715,16041.21,0.00341,16041.24,0.00694,16041.25,0.46799,16041.26,0.06966,16041.27,0.1615,16041.35,0.001,16041.44,0.001
27921182236,1669017968114,1669017968114,16038.79,0.47096,16038.78,0.43844,16038.77,0.08525,16038.74,0.00065,16038.66,0.01059,16038.65,0.0141,16038.59,0.001,16038.58,0.03229,16038.56,0.001,16038.54,0.00753,16038.47,0.0134,16038.46,0.01998,16038.45,0.002,16038.41,0.001,16038.31,0.00146,16038.3,0.09368,16038.28,0.001,16038.27,0.00063,16038.26,0.44485,16038.25,0.58609,16039.97,0.02814,16039.98,0.08862,16039.99,0.00162,16040,0.11613,16040.13,0.0065,16040.26,0.04,16040.3,0.00069,16040.36,0.00698,16040.61,0.006,16040.89,0.001,16041,0.00624,16041.01,0.001,16041.03,0.006,16041.09,0.00715,16041.13,0.001,16041.14,0.00063,16041.18,0.00664,16041.21,0.00341,16041.24,0.30894,16041.25,0.46799
27921182295,1669017968214,1669017968214,16039.02,0.24309,16039,0.00624,16038.9,0.001,16038.84,0.00658,16038.8,0.0141,16038.79,0.08067,16038.78,0.00065,16038.66,0.01059,16038.59,0.001,16038.58,0.03229,16038.56,0.001,16038.54,0.00653,16038.47,0.002,16038.46,0.01998,16038.45,0.001,16038.41,0.001,16038.3,0.09368,16038.28,0.001,16038.27,0.00063,16038.26,0.44485,16039.93,0.0182,16039.94,0.19435,16039.95,0.14521,16039.99,0.00162,16040,0.04,16040.13,0.0065,16040.14,0.00065,16040.26,0.04,16040.3,0.00069,16040.36,0.00698,16040.61,0.006,16040.89,0.001,16040.94,0.001,16041,0.00624,16041.01,0.001,16041.03,0.006,16041.09,0.00715,16041.13,0.001,16041.14,0.00063,16041.18,0.00664
27921182366,1669017968315,1669017968315,16039.16,0.13884,16039.15,0.27959,16039.14,0.05632,16039.12,0.00476,16039.07,0.17316,16039.06,0.08525,16039.03,0.0141,16039.01,0.02581,16039,0.00624,16038.9,0.031,16038.84,0.00658,16038.79,0.08067,16038.78,0.00065,16038.66,0.01059,16038.59,0.001,16038.58,0.03229,16038.56,0.001,16038.54,0.00653,16038.46,0.01998,16038.41,0.001,16040.13,0.00218,16040.14,0.00065,16040.25,0.00763,16040.26,0.04,16040.3,0.00069,16040.36,0.00698,16040.61,0.006,16040.89,0.001,16040.94,0.001,16041,0.00624,16041.01,0.001,16041.03,0.006,16041.09,0.00715,16041.13,0.001,16041.14,0.00063,16041.17,0.03484,16041.18,0.00664,16041.21,0.00341,16041.22,0.28131,16041.23,0.46899
27921182432,1669017968415,1669017968415,16039.36,0.02814,16039.35,0.10756,16039.21,0.03629,16039.18,0.00087,16039.17,0.0141,16039.07,0.17316,16039.04,0.001,16039.01,0.02581,16039,0.00624,16038.9,0.031,16038.84,0.00658,16038.79,0.08067,16038.78,0.00065,16038.66,0.01059,16038.59,0.001,16038.58,0.03229,16038.56,0.001,16038.54,0.00653,16038.48,0.001,16038.41,0.001,16040.14,0.00065,16040.25,0.00763,16040.3,0.00069,16040.61,0.006,16040.65,0.006,16040.89,0.001,16040.94,0.001,16041,0.00624,16041.01,0.001,16041.03,0.006,16041.09,0.00715,16041.11,0.001,16041.13,0.001,16041.14,0.00063,16041.15,0.001,16041.17,0.03484,16041.18,0.00664,16041.21,0.00341,16041.22,0.28131,16041.23,0.00526
27921182576,1669017968514,1669017968514,16040.03,0.05631,16040.01,0.00266,16039.53,0.27959,16039.51,0.10756,16039.5,0.00685,16039.44,0.01133,16039.41,0.08906,16039.19,0.00178,16039.18,0.00087,16039.17,0.0141,16039.07,0.06564,16039.04,0.001,16039.01,0.02581,16039,0.01271,16038.93,0.00807,16038.9,0.001,16038.84,0.00658,16038.8,0.14004,16038.79,0.08067,16038.78,0.00065,16040.45,0.02252,16040.61,0.01738,16041.09,0.04144,16041.1,0.001,16041.11,0.001,16041.12,0.00677,16041.2,0.12303,16041.21,0.20535,16041.23,0.00526,16041.35,0.001,16041.44,0.001,16041.61,0.00698,16041.77,0.0022,16041.8,0.07058,16041.86,0.0075,16041.89,0.01918,16041.9,0.46799,16041.91,0.0168,16041.92,0.82254,16042,0.00961
27921182654,1669017968615,1669017968615,16039.55,0.001,16039.54,0.0537,16039.5,0.00685,16039.44,0.01088,16039.37,0.001,16039.19,0.00178,16039.18,0.00087,16039.04,0.001,16039.01,0.02581,16039,0.01271,16038.93,0.00807,16038.9,0.01659,16038.84,0.00658,16038.81,0.10655,16038.79,0.08067,16038.78,0.00065,16038.66,0.01059,16038.59,0.001,16038.58,0.03229,16038.56,0.001,16039.99,0.00819,16040.2,0.04144,16040.21,0.05376,16040.22,0.01345,16040.65,0.00341,16041.09,0.001,16041.1,0.001,16041.11,0.002,16041.12,0.00677,16041.2,0.00199,16041.21,0.08067,16041.23,0.00526,16041.35,0.001,16041.61,0.00698,16041.73,0.1615,16041.77,0.0022,16041.82,0.11992,16041.86,0.0075,16041.89,0.01918,16041.9,0.46799
27921182693,1669017968715,1669017968715,16039.55,0.001,16039.37,0.001,16039.2,0.08906,16039.19,0.01588,16039.18,0.00087,16039.1,0.0187,16039.04,0.00163,16039.01,0.00081,16039,0.01271,16038.93,0.00807,16038.9,0.01659,16038.84,0.00658,16038.81,0.10655,16038.79,0.08067,16038.78,0.00065,16038.66,0.01059,16038.59,0.001,16038.58,0.03229,16038.56,0.001,16038.48,0.001,16039.99,0.00819,16040.2,0.04144,16040.65,0.00341,16040.71,0.00699,16041,0.001,16041.07,0.00382,16041.08,0.001,16041.09,0.001,16041.1,0.001,16041.11,0.002,16041.19,0.08382,16041.2,0.00199,16041.21,0.08067,16041.23,0.00526,16041.61,0.00698,16041.69,0.00063,16041.72,0.01742,16041.73,0.1615,16041.77,0.0022,16041.81,0.07058
27921182745,1669017968815,1669017968815,16039.44,0.00065,16039.37,0.001,16039.21,0.0537,16039.19,0.01588,16039.18,0.00087,16039.1,0.0187,16039.04,0.00163,16039.01,0.00081,16039,0.01271,16038.93,0.00807,16038.9,0.001,16038.87,0.00694,16038.84,0.00658,16038.79,0.08067,16038.78,0.00065,16038.66,0.01059,16038.59,0.001,16038.58,0.03229,16038.56,0.001,16038.48,0.001,16039.95,0.13033,16039.96,0.06936,16039.99,0.00819,16040.65,0.00341,16040.71,0.00699,16041,0.001,16041.07,0.00382,16041.08,0.001,16041.09,0.001,16041.1,0.001,16041.11,0.002,16041.18,0.1015,16041.19,0.16764,16041.2,0.00199,16041.21,0.08067,16041.23,0.00526,16041.61,0.00698,16041.69,0.00063,16041.72,0.01742,16041.73,0.1615
27921182770,1669017968916,1669017968916,16039.44,0.00213,16039.37,0.001,16039.22,0.08906,16039.19,0.01588,16039.18,0.00087,16039.1,0.0187,16039.04,0.00163,16039.01,0.00081,16039,0.01271,16038.93,0.00807,16038.9,0.001,16038.87,0.00694,16038.84,0.00658,16038.83,0.001,16038.79,0.08067,16038.78,0.00065,16038.66,0.01059,16038.59,0.001,16038.58,0.03229,16038.56,0.001,16039.94,0.04144,16039.96,0.06936,16039.99,0.00819,16040.65,0.00341,16040.71,0.00699,16041,0.001,16041.07,0.00382,16041.08,0.001,16041.09,0.001,16041.1,0.001,16041.11,0.002,16041.18,0.1015,16041.2,0.00199,16041.21,0.08067,16041.23,0.00526,16041.61,0.00698,16041.69,0.00063,16041.72,0.088,16041.73,0.1615,16041.77,0.0022
27921182785,1669017969015,1669017969015,16039.44,0.00213,16039.37,0.001,16039.22,0.08906,16039.21,0.001,16039.19,0.01588,16039.18,0.00087,16039.1,0.0187,16039.04,0.00163,16039.01,0.00081,16039,0.01271,16038.93,0.00807,16038.9,0.001,16038.87,0.00694,16038.84,0.00658,16038.83,0.001,16038.79,0.08067,16038.78,0.00065,16038.58,0.03229,16038.56,0.001,16038.48,0.001,16039.94,0.04144,16039.99,0.00819,16040.65,0.00341,16040.71,0.00699,16041,0.001,16041.07,0.00382,16041.08,0.001,16041.09,0.001,16041.1,0.001,16041.11,0.002,16041.2,0.00199,16041.21,0.08067,16041.23,0.00526,16041.61,0.00698,16041.69,0.00063,16041.72,0.088,16041.73,0.1615,16041.75,0.001,16041.77,0.0022,16041.82,0.11992
27921182836,1669017969116,1669017969116,16039.37,0.001,16039.22,0.08906,16039.21,0.001,16039.19,0.01588,16039.18,0.00087,16039.1,0.0187,16039.04,0.00163,16039.01,0.00081,16039,0.00624,16038.93,0.00807,16038.9,0.001,16038.87,0.00694,16038.84,0.00658,16038.83,0.001,16038.79,0.08067,16038.78,0.00065,16038.59,0.001,16038.58,0.03229,16038.5,0.01157,16038.48,0.001,16039.56,0.01229,16039.91,0.04144,16039.92,0.07494,16039.95,0.04,16039.99,0.00819,16040.27,0.00637,16040.39,0.0007,16040.65,0.00341,16040.8,0.00671,16041,0.001,16041.07,0.00382,16041.08,0.001,16041.09,0.001,16041.1,0.001,16041.11,0.002,16041.16,0.001,16041.2,0.00199,16041.21,0.08067,16041.23,0.001,16041.69,0.00063
27921182880,1669017969216,1669017969216,16039.37,0.001,16039.21,0.001,16039.19,0.00178,16039.18,0.00087,16039.1,0.0187,16039.04,0.00163,16039.02,0.001,16039.01,0.00081,16039,0.00624,16038.93,0.00807,16038.87,0.00694,16038.84,0.00658,16038.83,0.001,16038.79,0.08067,16038.78,0.00165,16038.76,0.0141,16038.59,0.004,16038.58,0.03229,16038.5,0.01257,16038.48,0.001,16039.6,0.00795,16039.74,0.00202,16039.99,0.00819,16040.27,0.00637,16040.39,0.0007,16040.65,0.00341,16040.76,0.04355,16040.8,0.00671,16041,0.001,16041.07,0.00382,16041.08,0.001,16041.09,0.001,16041.1,0.001,16041.11,0.002,16041.16,0.001,16041.19,0.001,16041.2,0.00199,16041.21,0.08067,16041.3,0.001,16041.67,0.46799
27921182916,1669017969316,1669017969316,16039.19,0.00078,16039.18,0.00087,16039.1,0.0187,16039.04,0.001,16039.02,0.001,16039.01,0.00081,16039,0.00624,16038.93,0.00807,16038.9,0.001,16038.87,0.00694,16038.84,0.00658,16038.83,0.001,16038.8,0.08907,16038.79,0.08067,16038.78,0.00165,16038.76,0.01473,16038.59,0.004,16038.58,0.03229,16038.5,0.01257,16038.48,0.001,16039.43,0.0193,16039.6,0.00795,16039.99,0.00819,16040.27,0.00637,16040.39,0.0007,16040.65,0.00341,16040.75,0.01742,16040.76,0.04355,16040.8,0.00671,16041,0.001,16041.08,0.001,16041.09,0.001,16041.1,0.001,16041.11,0.002,16041.16,0.001,16041.19,0.001,16041.2,0.00199,16041.21,0.08067,16041.27,0.01,16041.3,0.001
27921182940,1669017969417,1669017969417,16039.19,0.0027,16039.18,0.00087,16039.1,0.0187,16039.02,0.001,16039.01,0.00081,16039,0.00624,16038.93,0.00807,16038.9,0.001,16038.87,0.00694,16038.84,0.00658,16038.83,0.001,16038.81,0.09897,16038.8,0.08907,16038.79,0.08067,16038.78,0.00165,16038.76,0.01473,16038.74,0.00065,16038.59,0.06734,16038.58,0.03229,16038.52,0.01139,16039.6,0.00795,16039.99,0.00819,16040.27,0.00637,16040.39,0.0007,16040.64,0.00382,16040.65,0.00341,16040.75,0.01742,16040.76,0.04355,16040.8,0.00671,16040.94,0.1615,16041,0.001,16041.08,0.001,16041.09,0.001,16041.1,0.001,16041.11,0.002,16041.16,0.001,16041.19,0.001,16041.2,0.00199,16041.21,0.08067,16041.27,0.01
27921182984,1669017969516,1669017969516,16039.57,0.04582,16039.55,0.0444,16039.46,0.14549,16039.19,0.00399,16039.18,0.00087,16039.1,0.0187,16039.02,0.001,16039.01,0.00081,16039,0.00624,16038.93,0.00807,16038.9,0.001,16038.87,0.00694,16038.86,0.001,16038.84,0.00658,16038.83,0.001,16038.82,0.001,16038.81,0.09897,16038.79,0.08067,16038.78,0.00165,16038.76,0.01473,16039.65,0.00354,16039.99,0.00819,16040.27,0.00637,16040.39,0.0007,16040.64,0.00382,16040.65,0.00341,16040.74,0.08382,16040.75,0.01742,16040.76,0.04355,16040.8,0.00671,16040.93,0.1001,16040.94,0.1615,16041,0.001,16041.08,0.001,16041.09,0.001,16041.11,0.001,16041.16,0.001,16041.19,0.001,16041.27,0.01,16041.3,0.001
27921183037,1669017969617,1669017969617,16039.57,0.001,16039.21,0.1172,16039.2,0.08067,16039.19,0.00399,16039.18,0.00087,16039.1,0.0187,16039.02,0.001,16039.01,0.00081,16039,0.00624,16038.93,0.00807,16038.9,0.001,16038.87,0.00694,16038.86,0.001,16038.84,0.00658,16038.83,0.001,16038.82,0.001,16038.81,0.001,16038.78,0.00165,16038.76,0.01473,16038.67,0.01559,16039.81,0.01382,16039.99,0.00819,16040.14,0.00065,16040.21,0.01559,16040.27,0.00637,16040.39,0.0007,16040.64,0.00382,16040.65,0.00341,16040.74,0.08382,16040.76,0.04355,16040.8,0.00671,16040.93,0.1001,16041,0.001,16041.08,0.001,16041.11,0.001,16041.16,0.001,16041.18,0.001,16041.19,0.001,16041.3,0.001,16041.65,0.001
27921183072,1669017969718,1669017969718,16039.2,0.08067,16039.19,0.00399,16039.18,0.00087,16039.11,0.001,16039.1,0.0187,16039.07,0.0128,16039.02,0.001,16039.01,0.00081,16039,0.00624,16038.93,0.00807,16038.9,0.001,16038.87,0.00694,16038.86,0.001,16038.84,0.00658,16038.83,0.001,16038.82,0.001,16038.81,0.001,16038.78,0.00165,16038.76,0.01473,16038.68,0.06234,16039.57,0.00704,16039.58,0.00889,16039.99,0.00819,16040.21,0.01559,16040.27,0.00637,16040.39,0.0007,16040.64,0.00382,16040.65,0.00341,16040.74,0.08382,16040.76,0.04355,16040.8,0.00671,16040.81,0.001,16041.16,0.001,16041.18,0.001,16041.19,0.001,16041.3,0.001,16041.32,0.1615,16041.65,0.001,16041.66,0.01742,16041.67,0.46799
27921183105,1669017969818,1669017969818,16039.2,0.08067,16039.19,0.00399,16039.18,0.00087,16039.11,0.001,16039.1,0.0187,16039.07,0.0128,16039.02,0.001,16039.01,0.00081,16039,0.00624,16038.93,0.00807,16038.9,0.001,16038.87,0.00694,16038.86,0.001,16038.84,0.00658,16038.82,0.001,16038.81,0.001,16038.78,0.00265,16038.76,0.01473,16038.74,0.00065,16038.68,0.08907,16039.57,0.00617,16039.99,0.00819,16040.27,0.00637,16040.3,0.01559,16040.39,0.0007,16040.64,0.00382,16040.65,0.00341,16040.74,0.08382,16040.8,0.00671,16040.81,0.001,16041.16,0.001,16041.18,0.001,16041.19,0.001,16041.3,0.001,16041.31,0.06467,16041.32,0.1615,16041.65,0.002,16041.66,0.01742,16041.67,0.46799,16041.68,0.18697
27921183141,1669017969918,1669017969918,16039.45,0.08067,16039.2,0.00129,16039.19,0.00399,16039.18,0.00087,16039.11,0.001,16039.1,0.0187,16039.07,0.0128,16039.02,0.001,16039.01,0.00081,16039,0.00624,16038.93,0.00807,16038.9,0.001,16038.87,0.00694,16038.86,0.001,16038.84,0.00658,16038.82,0.001,16038.81,0.001,16038.78,0.00265,16038.76,0.0141,16038.69,0.07348,16039.83,0.006,16040,0.00613,16040.27,0.00637,16040.39,0.0007,16040.64,0.00382,16040.65,0.00341,16040.74,0.08382,16040.8,0.00671,16040.81,0.001,16041.16,0.001,16041.18,0.001,16041.19,0.001,16041.3,0.001,16041.31,0.06467,16041.32,0.1615,16041.55,0.001,16041.65,0.07258,16041.66,0.01742,16041.67,0.46799,16041.68,0.18697
27921183153,1669017970019,1669017970019,16039.45,0.08254,16039.2,0.00129,16039.19,0.00399,16039.18,0.00087,16039.11,0.041,16039.1,0.0187,16039.07,0.0128,16039.02,0.001,16039.01,0.00081,16039,0.00624,16038.99,0.06234,16038.93,0.00807,16038.9,0.001,16038.87,0.00694,16038.86,0.001,16038.84,0.00658,16038.82,0.001,16038.81,0.001,16038.78,0.00265,16038.76,0.0141,16039.83,0.006,16040,0.00613,16040.14,0.00065,16040.27,0.00637,16040.39,0.0007,16040.64,0.00382,16040.65,0.00341,16040.74,0.08382,16040.8,0.00671,16040.81,0.001,16041.16,0.001,16041.18,0.001,16041.19,0.001,16041.3,0.001,16041.31,0.06467,16041.32,0.1615,16041.49,0.00063,16041.55,0.001,16041.65,0.07258,16041.67,0.46799
27921183190,1669017970120,1669017970120,16039.51,0.10856,16039.5,0.00476,16039.48,0.02814,16039.47,0.08067,16039.46,0.11201,16039.45,0.00187,16039.2,0.00129,16039.19,0.00399,16039.18,0.00087,16039.12,0.07756,16039.11,0.001,16039.1,0.0187,16039.07,0.0128,16039.02,0.001,16039.01,0.00181,16039,0.00624,16038.99,0.06234,16038.93,0.00807,16038.9,0.001,16038.87,0.00694,16040,0.00613,16040.14,0.00065,16040.27,0.00637,16040.39,0.0007,16040.63,0.02447,16040.64,0.00382,16040.65,0.00341,16040.74,0.08382,16040.8,0.00671,16040.81,0.001,16041.18,0.001,16041.19,0.001,16041.29,0.04232,16041.3,0.001,16041.31,0.06467,16041.32,0.1615,16041.49,0.00063,16041.55,0.002,16041.64,0.04461,16041.65,0.07258
27921183234,1669017970220,1669017970220,16039.51,0.08067,16039.5,0.00476,16039.46,0.07932,16039.45,0.00187,16039.2,0.01539,16039.19,0.00399,16039.18,0.00087,16039.12,0.04,16039.11,0.001,16039.1,0.0187,16039.07,0.0128,16039.01,0.00181,16039,0.00624,16038.99,0.06234,16038.98,0.0035,16038.93,0.00807,16038.9,0.001,16038.87,0.00794,16038.86,0.001,16038.84,0.00658,16039.83,0.01028,16040,0.00613,16040.14,0.00065,16040.39,0.0007,16040.48,0.00648,16040.63,0.02447,16040.65,0.00341,16040.72,0.001,16040.74,0.08382,16040.8,0.00671,16040.81,0.001,16041.01,0.001,16041.11,0.001,16041.18,0.001,16041.29,0.04232,16041.3,0.001,16041.31,0.06467,16041.32,0.1615,16041.49,0.00063,16041.55,0.003
27921183260,1669017970319,1669017970319,16039.51,0.02814,16039.46,0.07932,16039.45,0.00187,16039.2,0.00129,16039.19,0.00399,16039.18,0.00087,16039.11,0.001,16039.1,0.0187,16039.07,0.0128,16039.01,0.00181,16039,0.00624,16038.99,0.06234,16038.98,0.0035,16038.93,0.00807,16038.87,0.00794,16038.86,0.001,16038.84,0.00658,16038.82,0.001,16038.81,0.001,16038.78,0.01221,16039.7,0.005,16040,0.00128,16040.14,0.00065,16040.39,0.0007,16040.47,0.02814,16040.48,0.00648,16040.59,0.001,16040.63,0.02447,16040.65,0.00341,16040.72,0.001,16040.74,0.08382,16040.8,0.00671,16040.81,0.001,16041.01,0.001,16041.11,0.001,16041.18,0.001,16041.29,0.04232,16041.3,0.001,16041.31,0.06467,16041.32,0.1615
27921183280,1669017970420,1669017970420,16039.51,0.01409,16039.46,0.07932,16039.45,0.00187,16039.2,0.00129,16039.19,0.00505,16039.18,0.00087,16039.11,0.001,16039.1,0.0187,16039.07,0.0128,16039.01,0.00181,16039,0.00624,16038.99,0.06234,16038.98,0.0035,16038.95,0.001,16038.93,0.00807,16038.9,0.0141,16038.89,0.001,16038.87,0.00794,16038.86,0.001,16038.84,0.00658,16040,0.00006,16040.14,0.00065,16040.39,0.0007,16040.47,0.02814,16040.48,0.00648,16040.59,0.001,16040.62,0.001,16040.65,0.00341,16040.72,0.002,16040.74,0.08382,16040.8,0.00671,16040.81,0.001,16041.01,0.001,16041.11,0.001,16041.18,0.001,16041.29,0.04232,16041.3,0.001,16041.31,0.06467,16041.32,0.1615,16041.49,0.00063
27921183308,1669017970526,1669017970526,16039.2,0.00129,16039.19,0.00505,16039.18,0.00087,16039.11,0.001,16039.08,0.03756,16039.07,0.0128,16039.01,0.01319,16039,0.00624,16038.99,0.06234,16038.98,0.0035,16038.95,0.001,16038.93,0.00807,16038.9,0.0141,16038.89,0.001,16038.87,0.00794,16038.84,0.00658,16038.81,0.001,16038.78,0.01156,16038.69,0.07348,16038.63,0.001,16039.44,0.65669,16039.81,0.02814,16039.82,0.01687,16039.98,0.05826,16040,0.00006,16040.14,0.00065,16040.39,0.0007,16040.48,0.00648,16040.59,0.001,16040.62,0.001,16040.65,0.00341,16040.72,0.002,16040.73,0.02447,16040.74,0.08382,16040.8,0.00671,16040.81,0.001,16041.01,0.001,16041.11,0.001,16041.18,0.001,16041.29,0.04232
27921183392,1669017970620,1669017970620,16039.63,0.12814,16039.58,0.05,16039.51,0.0187,16039.21,0.0095,16039.2,0.00129,16039.19,0.00505,16039.18,0.00087,16039.11,0.001,16039.01,0.01319,16039,0.00624,16038.99,0.06234,16038.95,0.001,16038.89,0.001,16038.87,0.00794,16038.86,0.025,16038.84,0.00658,16038.78,0.01156,16038.69,0.07348,16038.64,0.0141,16038.58,0.09463,16040.14,0.00065,16040.37,0.05631,16040.39,0.0007,16040.48,0.00648,16040.59,0.001,16040.62,0.001,16040.65,0.00341,16040.72,0.002,16040.8,0.00671,16040.81,0.001,16041.01,0.001,16041.11,0.001,16041.29,0.04232,16041.3,0.001,16041.31,0.14068,16041.37,0.002,16041.55,0.003,16041.57,0.18697,16041.65,0.002,16041.66,0.04887
27921183423,1669017970720,1669017970720,16039.74,0.02318,16039.63,0.1,16039.58,0.05,16039.51,0.0187,16039.21,0.0095,16039.2,0.00129,16039.19,0.00505,16039.18,0.00087,16039.01,0.01319,16039,0.00624,16038.95,0.001,16038.89,0.001,16038.87,0.00794,16038.86,0.025,16038.84,0.00658,16038.83,0.001,16038.8,0.001,16038.78,0.01156,16038.72,0.006,16038.65,0.001,16040.13,0.05184,16040.14,0.00065,16040.36,0.02447,16040.39,0.0007,16040.48,0.00648,16040.59,0.001,16040.62,0.001,16040.65,0.00341,16040.72,0.002,16040.8,0.00671,16041.01,0.001,16041.11,0.001,16041.29,0.04232,16041.3,0.001,16041.37,0.002,16041.55,0.003,16041.65,0.1635,16041.66,0.00426,16041.67,0.46799,16041.76,0.01571
27921183457,1669017970821,1669017970821,16039.51,0.0187,16039.34,0.03756,16039.33,0.0141,16039.21,0.0095,16039.2,0.00129,16039.19,0.00505,16039.18,0.00087,16039.01,0.01319,16039,0.00624,16038.95,0.001,16038.89,0.001,16038.87,0.00794,16038.84,0.00658,16038.83,0.001,16038.8,0.001,16038.79,0.01559,16038.78,0.01056,16038.72,0.006,16038.65,0.001,16038.48,0.00063,16040.1,0.08213,16040.11,0.10139,16040.12,0.05,16040.14,0.00065,16040.39,0.0007,16040.48,0.00648,16040.59,0.001,16040.6,0.001,16040.62,0.001,16040.65,0.00341,16040.72,0.002,16040.8,0.00671,16040.86,0.01559,16041.01,0.001,16041.11,0.001,16041.29,0.04232,16041.3,0.001,16041.37,0.002,16041.54,0.001,16041.55,0.003
