last_update_id,send_time,receive_time,bids,asks
27915234547,1669010083222,1669010083222,"[(16217.12, 0.01542), (16217.11, 0.03524), (16217.1, 0.00739), (16217.05, 0.00307), (16217.03, 0.01151), (16217.0, 0.00617), (16216.97, 0.001), (16216.93, 0.01687), (16216.9, 0.00141), (16216.86, 0.25464), (16216.85, 0.001), (16216.83, 0.1), (16216.79, 0.01028), (16216.76, 0.05), (16216.64, 0.00745), (16216.61, 0.01211), (16216.56, 0.01542), (16216.41, 0.00997), (16216.4, 0.03073), (16216.39, 0.24722)]","[(16217.62, 0.0021), (16217.81, 0.05956), (16217.82, 0.0166), (16217.86, 0.08067), (16217.9, 0.001), (16217.92, 0.0143), (16217.94, 0.00065), (16218.12, 0.03), (16218.21, 0.01571), (16218.26, 0.001), (16218.27, 0.06166), (16218.29, 0.00063), (16218.3, 0.01571), (16218.32, 0.02599), (16218.38, 0.00644), (16218.41, 0.00063), (16218.42, 0.01671), (16218.44, 0.34174), (16218.45, 0.07205), (16218.47, 0.28334)]"
27915234613,1669010083325,1669010083325,"[(16217.18, 0.14653), (16217.15, 0.08067), (16217.12, 0.01542), (16217.1, 0.00739), (16217.05, 0.00307), (16217.03, 0.01151), (16217.0, 0.00617), (16216.97, 0.001), (16216.94, 0.00069), (16216.93, 0.01687), (16216.9, 0.00141), (16216.86, 0.25464), (16216.85, 0.001), (16216.83, 0.1), (16216.79, 0.01028), (16216.76, 0.05), (16216.64, 0.00745), (16216.61, 0.01211), (16216.56, 0.01542), (16216.41, 0.001)]","[(16217.82, 0.0166), (16217.86, 0.08067), (16217.9, 0.001), (16217.92, 0.0143), (16217.94, 0.00065), (16218.0, 0.0026), (16218.12, 0.03), (16218.21, 0.01571), (16218.26, 0.001), (16218.27, 0.06166), (16218.29, 0.00063), (16218.3, 0.01571), (16218.32, 0.02599), (16218.38, 0.00644), (16218.41, 0.02136), (16218.42, 0.01671), (16218.44, 0.34174), (16218.45, 0.07205), (16218.48, 0.002), (16218.49, 0.001)]"
27915234763,1669010083421,1669010083421,"[(16217.67, 0.12164), (16217.65, 0.10928), (16217.24, 0.04933), (16217.23, 0.06284), (16217.22, 0.06956), (16217.15, 0.08067), (16217.1, 0.01374), (16217.06, 0.53498), (16217.05, 0.00307), (16217.03, 0.01151), (16217.0, 0.27152), (16216.97, 0.001), (16216.93, 0.01687), (16216.9, 0.00141), (16216.87, 0.03073), (16216.86, 0.25464), (16216.85, 0.001), (16216.83, 0.1), (16216.79, 0.02056), (16216.76, 0.05)]","[(16218.49, 0.00299), (16218.59, 0.28753), (16218.6, 0.00322), (16218.61, 0.08631), (16218.74, 0.00662), (16218.76, 0.01028), (16218.78, 0.06167), (16218.79, 0.06166), (16218.8, 0.041), (16218.81, 0.1599), (16218.83, 0.09887), (16218.84, 0.22055), (16218.85, 0.00156), (16218.88, 0.00656), (16219.0, 0.00617), (16219.21, 0.01256), (16219.22, 0.00487), (16219.24, 0.08631), (16219.33, 0.03833), (16219.39, 0.01571)]"
27915234842,1669010083522,1669010083522,"[(16217.77, 0.08067), (16217.76, 0.001), (16217.68, 0.0143), (16217.24, 0.02179), (16217.23, 0.06284), (16217.15, 0.08067), (16217.1, 0.01374), (16217.06, 0.53498), (16217.05, 0.00307), (16217.03, 0.01151), (16217.0, 0.27152), (16216.93, 0.01687), (16216.9, 0.00141), (16216.87, 0.03073), (16216.86, 0.25464), (16216.85, 0.001), (16216.83, 0.1), (16216.79, 0.02056), (16216.76, 0.05), (16216.69, 0.1716)]","[(16218.21, 0.02566), (16218.58, 0.00407), (16218.6, 0.00322), (16218.61, 0.08631), (16218.74, 0.00762), (16218.76, 0.01028), (16218.78, 0.06167), (16218.79, 0.06166), (16218.8, 0.20169), (16218.83, 0.02904), (16218.84, 0.22055), (16218.85, 0.00156), (16218.88, 0.00656), (16218.95, 0.00686), (16219.0, 0.00617), (16219.13, 0.01571), (16219.21, 0.18446), (16219.22, 0.00487), (16219.24, 0.08631), (16219.33, 0.03833)]"
27915234912,1669010083621,1669010083621,"[(16217.8, 0.01403), (16217.79, 0.10287), (16217.77, 0.08067), (16217.76, 0.001), (16217.4, 0.0143), (16217.3, 0.00063), (16217.24, 0.02179), (16217.23, 0.06284), (16217.1, 0.00635), (16217.08, 0.00198), (16217.07, 0.03073), (16217.06, 0.53498), (16217.05, 0.00307), (16217.03, 0.01151), (16217.0, 0.27152), (16216.93, 0.01687), (16216.9, 0.00141), (16216.86, 0.25464), (16216.85, 0.001), (16216.83, 0.1)]","[(16218.48, 0.00222), (16218.55, 0.03136), (16218.56, 0.07337), (16218.6, 0.00322), (16218.61, 0.08631), (16218.67, 0.00063), (16218.74, 0.00762), (16218.78, 0.06167), (16218.79, 0.30902), (16218.8, 0.20169), (16218.83, 0.26036), (16218.84, 0.22055), (16218.85, 0.00156), (16218.88, 0.00656), (16218.95, 0.00686), (16219.0, 0.00617), (16219.13, 0.01571), (16219.21, 0.01256), (16219.22, 0.00487), (16219.24, 0.08631)]"
27915234967,1669010083722,1669010083722,"[(16217.87, 0.14446), (16217.86, 0.01403), (16217.77, 0.08067), (16217.76, 0.001), (16217.4, 0.0143), (16217.3, 0.00063), (16217.23, 0.06284), (16217.1, 0.00635), (16217.08, 0.00261), (16217.07, 0.03073), (16217.06, 0.53498), (16217.05, 0.00307), (16217.03, 0.01151), (16217.0, 0.27152), (16216.93, 0.01687), (16216.9, 0.00141), (16216.86, 0.25464), (16216.83, 0.1), (16216.81, 0.174), (16216.8, 0.3338)]","[(16218.46, 0.00518), (16218.47, 0.0022), (16218.56, 0.0639), (16218.6, 0.00322), (16218.61, 0.08631), (16218.64, 0.00065), (16218.67, 0.00063), (16218.74, 0.00762), (16218.78, 0.18634), (16218.79, 0.30902), (16218.8, 0.001), (16218.82, 0.10797), (16218.83, 0.26036), (16218.84, 0.22055), (16218.85, 0.00156), (16218.88, 0.00656), (16218.95, 0.00686), (16219.0, 0.00617), (16219.13, 0.01571), (16219.18, 0.00101)]"
27915235030,1669010083821,1669010083821,"[(16217.95, 0.14446), (16217.94, 0.01877), (16217.91, 0.10287), (16217.77, 0.08067), (16217.76, 0.001), (16217.62, 0.012), (16217.58, 0.00069), (16217.4, 0.0143), (16217.36, 0.00869), (16217.3, 0.00362), (16217.23, 0.06284), (16217.1, 0.00635), (16217.08, 0.00261), (16217.07, 0.03073), (16217.06, 0.53498), (16217.05, 0.00307), (16217.03, 0.01151), (16217.0, 0.27152), (16216.93, 0.02381), (16216.9, 0.15731)]","[(16218.56, 0.04567), (16218.6, 0.00322), (16218.61, 0.08631), (16218.64, 0.00065), (16218.67, 0.00063), (16218.74, 0.00762), (16218.78, 0.18634), (16218.79, 0.24736), (16218.8, 0.001), (16218.82, 0.10797), (16218.83, 0.02904), (16218.84, 0.22055), (16218.85, 0.00156), (16218.95, 0.00686), (16219.0, 0.00617), (16219.13, 0.01571), (16219.18, 0.00101), (16219.21, 0.01256), (16219.22, 0.00487), (16219.24, 0.08631)]"
27915235102,1669010083923,1669010083923,"[(16217.96, 0.01403), (16217.81, 0.00307), (16217.77, 0.08067), (16217.76, 0.001), (16217.62, 0.012), (16217.4, 0.0143), (16217.36, 0.00869), (16217.3, 0.00362), (16217.23, 0.06284), (16217.1, 0.00635), (16217.08, 0.00261), (16217.05, 0.00307), (16217.03, 0.01151), (16217.01, 0.03073), (16217.0, 0.27152), (16216.96, 0.1622), (16216.93, 0.02381), (16216.9, 0.00141), (16216.86, 0.25464), (16216.83, 0.1)]","[(16218.13, 0.00229), (16218.53, 0.00473), (16218.54, 0.15123), (16218.55, 0.24736), (16218.59, 0.001), (16218.6, 0.00322), (16218.64, 0.00065), (16218.65, 0.00337), (16218.67, 0.00063), (16218.74, 0.00762), (16218.76, 0.001), (16218.78, 0.06267), (16218.79, 0.24736), (16218.8, 0.001), (16218.82, 0.10797), (16218.83, 0.02904), (16218.84, 0.22055), (16218.85, 0.00156), (16218.95, 0.00686), (16219.0, 0.00617)]"
27915235145,1669010084022,1669010084022,"[(16217.82, 0.01403), (16217.81, 0.00307), (16217.78, 0.06473), (16217.77, 0.08067), (16217.76, 0.001), (16217.62, 0.012), (16217.58, 0.00069), (16217.4, 0.0143), (16217.36, 0.00869), (16217.3, 0.00362), (16217.27, 0.01124), (16217.24, 0.04524), (16217.23, 0.06284), (16217.1, 0.00635), (16217.08, 0.48699), (16217.05, 0.00307), (16217.03, 0.01251), (16217.01, 0.03073), (16217.0, 0.27152), (16216.98, 0.06165)]","[(16218.52, 0.00408), (16218.53, 0.07804), (16218.54, 0.10861), (16218.55, 0.24736), (16218.59, 0.001), (16218.6, 0.00322), (16218.64, 0.00065), (16218.65, 0.00337), (16218.67, 0.00063), (16218.72, 0.10838), (16218.73, 0.27093), (16218.74, 0.00762), (16218.76, 0.001), (16218.78, 0.06267), (16218.79, 0.24736), (16218.8, 0.001), (16218.82, 0.10797), (16218.83, 0.02904), (16218.84, 0.22055), (16218.85, 0.00156)]"
27915235215,1669010084122,1669010084122,"[(16218.0, 0.01665), (16217.84, 0.00794), (16217.81, 0.00307), (16217.77, 0.08067), (16217.76, 0.001), (16217.62, 0.012), (16217.58, 0.00069), (16217.42, 0.00199), (16217.4, 0.0143), (16217.36, 0.00869), (16217.3, 0.00362), (16217.27, 0.01124), (16217.23, 0.06284), (16217.12, 0.02004), (16217.1, 0.00635), (16217.08, 0.48699), (16217.05, 0.00307), (16217.03, 0.01251), (16217.02, 0.001), (16217.01, 0.03073)]","[(16218.5, 0.00277), (16218.54, 0.10861), (16218.59, 0.001), (16218.6, 0.00322), (16218.64, 0.0623), (16218.65, 0.00337), (16218.67, 0.00063), (16218.71, 0.10297), (16218.74, 0.00762), (16218.76, 0.001), (16218.78, 0.06267), (16218.79, 0.24736), (16218.8, 0.001), (16218.82, 0.10797), (16218.83, 0.02904), (16218.84, 0.22055), (16218.85, 0.00156), (16218.95, 0.00686), (16219.0, 0.00617), (16219.13, 0.18761)]"
27915235280,1669010084223,1669010084223,"[(16218.53, 0.00335), (16218.01, 0.00794), (16217.88, 0.01541), (16217.82, 0.07348), (16217.81, 0.00307), (16217.78, 0.02935), (16217.77, 0.08067), (16217.76, 0.01128), (16217.73, 0.02056), (16217.72, 0.00652), (16217.62, 0.012), (16217.47, 0.01541), (16217.42, 0.00199), (16217.4, 0.0143), (16217.36, 0.00869), (16217.34, 0.001), (16217.3, 0.00299), (16217.27, 0.01124), (16217.23, 0.06284), (16217.11, 0.04644)]","[(16218.71, 0.26112), (16218.74, 0.00762), (16218.76, 0.001), (16218.78, 0.06267), (16218.79, 0.24736), (16218.8, 0.001), (16218.82, 0.10797), (16218.83, 0.02904), (16218.84, 0.22055), (16218.85, 0.00156), (16219.0, 0.00617), (16219.13, 0.01571), (16219.14, 0.06165), (16219.21, 0.01256), (16219.22, 0.00487), (16219.24, 0.08631), (16219.33, 0.07833), (16219.38, 0.00695), (16219.39, 0.03142), (16219.4, 0.01028)]"
27915235321,1669010084323,1669010084323,"[(16218.01, 0.00794), (16217.9, 0.0143), (16217.88, 0.01541), (16217.82, 0.02179), (16217.81, 0.00307), (16217.78, 0.02935), (16217.77, 0.08067), (16217.76, 0.01128), (16217.73, 0.02056), (16217.72, 0.00652), (16217.64, 0.001), (16217.62, 0.012), (16217.54, 0.1597), (16217.53, 0.1622), (16217.48, 0.00063), (16217.47, 0.01541), (16217.42, 0.00199), (16217.36, 0.00869), (16217.34, 0.001), (16217.3, 0.00299)]","[(16218.15, 0.00041), (16218.71, 0.06167), (16218.74, 0.00762), (16218.76, 0.001), (16218.78, 0.06267), (16218.79, 0.24736), (16218.8, 0.001), (16218.82, 0.10797), (16218.84, 0.22055), (16218.85, 0.00156), (16218.86, 0.00069), (16219.0, 0.00617), (16219.05, 0.00063), (16219.13, 0.01571), (16219.14, 0.06165), (16219.21, 0.01256), (16219.22, 0.00487), (16219.24, 0.08631), (16219.33, 0.07833), (16219.38, 0.00695)]"
27915235474,1669010084422,1669010084422,"[(16218.37, 0.14446), (16218.36, 0.00794), (16218.35, 0.05), (16218.19, 0.12332), (16218.18, 0.07775), (16218.17, 0.09951), (16218.08, 0.06284), (16218.02, 0.00688), (16217.86, 0.01148), (16217.85, 0.174), (16217.84, 0.1559), (16217.81, 0.00307), (16217.76, 0.01128), (16217.73, 0.10687), (16217.64, 0.001), (16217.62, 0.012), (16217.53, 0.01151), (16217.48, 0.00063), (16217.42, 0.00199), (16217.36, 0.00869)]","[(16218.85, 0.00156), (16219.0, 0.00617), (16219.05, 0.00063), (16219.13, 0.01571), (16219.14, 0.06165), (16219.21, 0.01256), (16219.22, 0.00487), (16219.23, 0.11004), (16219.33, 0.07833), (16219.39, 0.03142), (16219.4, 0.01028), (16219.41, 0.06167), (16219.47, 0.01571), (16219.48, 0.06167), (16219.49, 0.00651), (16219.5, 0.00063), (16219.53, 0.06167), (16219.55, 0.01028), (16219.57, 0.0063), (16219.59, 0.01028)]"
27915235543,1669010084523,1669010084523,"[(16218.37, 0.14446), (16218.35, 0.05), (16218.18, 0.07775), (16218.17, 0.03), (16218.08, 0.06284), (16218.04, 0.0143), (16218.02, 0.00688), (16217.94, 0.00065), (16217.86, 0.01148), (16217.81, 0.00307), (16217.76, 0.01028), (16217.74, 0.001), (16217.73, 0.10687), (16217.64, 0.001), (16217.62, 0.012), (16217.53, 0.01151), (16217.48, 0.00063), (16217.44, 0.06165), (16217.42, 0.00199), (16217.38, 0.1597)]","[(16218.86, 0.00069), (16219.2, 0.01789), (16219.21, 0.00849), (16219.22, 0.00487), (16219.23, 0.11004), (16219.3, 0.001), (16219.33, 0.03833), (16219.39, 0.03142), (16219.4, 0.01028), (16219.41, 0.06167), (16219.47, 0.01571), (16219.48, 0.06167), (16219.49, 0.00651), (16219.5, 0.00063), (16219.53, 0.06167), (16219.55, 0.01028), (16219.57, 0.0063), (16219.59, 0.01028), (16219.66, 0.0067), (16219.71, 0.18471)]"
27915235578,1669010084623,1669010084623,"[(16218.39, 0.14446), (16218.38, 0.09951), (16218.19, 0.001), (16218.18, 0.07775), (16218.17, 0.03), (16218.08, 0.06284), (16218.04, 0.0143), (16218.02, 0.00688), (16217.94, 0.00065), (16217.86, 0.01148), (16217.81, 0.00307), (16217.76, 0.01028), (16217.74, 0.001), (16217.73, 0.10687), (16217.64, 0.001), (16217.62, 0.012), (16217.53, 0.01151), (16217.48, 0.00063), (16217.44, 0.06165), (16217.42, 0.00199)]","[(16218.86, 0.00069), (16219.2, 0.0153), (16219.21, 0.00849), (16219.22, 0.00487), (16219.23, 0.11004), (16219.3, 0.001), (16219.33, 0.03833), (16219.39, 0.03142), (16219.4, 0.01028), (16219.41, 0.06167), (16219.47, 0.01571), (16219.48, 0.06167), (16219.49, 0.00651), (16219.5, 0.00063), (16219.53, 0.06167), (16219.55, 0.01028), (16219.57, 0.0063), (16219.59, 0.01028), (16219.66, 0.0067), (16219.71, 0.18471)]"
27915235610,1669010084723,1669010084723,"[(16218.39, 0.14446), (16218.19, 0.001), (16218.18, 0.07775), (16218.17, 0.03), (16218.08, 0.06284), (16218.04, 0.0143), (16218.02, 0.00688), (16217.94, 0.00065), (16217.86, 0.01148), (16217.81, 0.00307), (16217.76, 0.01028), (16217.74, 0.001), (16217.73, 0.10687), (16217.64, 0.001), (16217.62, 0.012), (16217.53, 0.01151), (16217.48, 0.00063), (16217.44, 0.06165), (16217.42, 0.00199), (16217.4, 0.1716)]","[(16218.86, 0.00069), (16219.19, 0.00259), (16219.2, 0.07021), (16219.21, 0.00849), (16219.22, 0.00487), (16219.23, 0.11004), (16219.3, 0.001), (16219.33, 0.03833), (16219.39, 0.03142), (16219.4, 0.01028), (16219.41, 0.06167), (16219.47, 0.01571), (16219.48, 0.06167), (16219.49, 0.00651), (16219.5, 0.00063), (16219.53, 0.06167), (16219.55, 0.01028), (16219.57, 0.0063), (16219.59, 0.01028), (16219.66, 0.0067)]"
27915235642,1669010084823,1669010084823,"[(16218.41, 0.14446), (16218.4, 0.05168), (16218.19, 0.001), (16218.18, 0.07775), (16218.08, 0.06284), (16218.04, 0.0143), (16218.02, 0.00688), (16217.94, 0.00065), (16217.86, 0.01148), (16217.81, 0.00307), (16217.78, 0.001), (16217.76, 0.01028), (16217.74, 0.001), (16217.73, 0.10687), (16217.64, 0.001), (16217.62, 0.012), (16217.53, 0.01151), (16217.48, 0.00063), (16217.44, 0.06364), (16217.42, 0.00199)]","[(16218.86, 0.00069), (16219.19, 0.00259), (16219.2, 0.05491), (16219.21, 0.00849), (16219.22, 0.00487), (16219.23, 0.11004), (16219.3, 0.001), (16219.33, 0.03833), (16219.39, 0.03142), (16219.4, 0.01028), (16219.41, 0.06167), (16219.47, 0.01571), (16219.48, 0.06167), (16219.49, 0.00651), (16219.5, 0.00063), (16219.53, 0.06167), (16219.55, 0.01028), (16219.57, 0.0063), (16219.59, 0.01028), (16219.66, 0.0067)]"
27915235696,1669010084923,1669010084923,"[(16218.43, 0.22513), (16218.42, 0.04783), (16218.19, 0.001), (16218.1, 0.001), (16218.08, 0.06284), (16218.04, 0.0143), (16218.02, 0.00688), (16218.0, 0.00617), (16217.93, 0.00063), (16217.86, 0.01148), (16217.81, 0.00307), (16217.78, 0.001), (16217.76, 0.01028), (16217.74, 0.001), (16217.73, 0.10687), (16217.64, 0.001), (16217.62, 0.012), (16217.53, 0.01151), (16217.44, 0.06364), (16217.43, 0.174)]","[(16219.18, 0.00906), (16219.21, 0.00849), (16219.22, 0.00487), (16219.23, 0.11004), (16219.3, 0.001), (16219.33, 0.03833), (16219.39, 0.03142), (16219.4, 0.01028), (16219.41, 0.06167), (16219.47, 0.01571), (16219.48, 0.06167), (16219.49, 0.00714), (16219.5, 0.00063), (16219.53, 0.06167), (16219.55, 0.01028), (16219.57, 0.0063), (16219.59, 0.01028), (16219.66, 0.0067), (16219.69, 0.2), (16219.71, 0.183)]"
27915235736,1669010085024,1669010085024,"[(16218.52, 0.14446), (16218.51, 0.08067), (16218.49, 0.0548), (16218.47, 0.00474), (16218.45, 0.001), (16218.2, 0.00199), (16218.19, 0.001), (16218.1, 0.001), (16218.08, 0.06284), (16218.04, 0.0143), (16218.02, 0.00688), (16218.0, 0.00617), (16217.93, 0.00063), (16217.86, 0.01148), (16217.84, 0.02004), (16217.81, 0.00307), (16217.78, 0.001), (16217.76, 0.01028), (16217.74, 0.001), (16217.73, 0.10687)]","[(16219.17, 0.00259), (16219.18, 0.00906), (16219.21, 0.00949), (16219.22, 0.00487), (16219.23, 0.11004), (16219.3, 0.001), (16219.33, 0.03833), (16219.34, 0.00065), (16219.39, 0.03142), (16219.4, 0.01028), (16219.41, 0.06167), (16219.47, 0.01571), (16219.48, 0.06167), (16219.49, 0.00714), (16219.5, 0.00063), (16219.53, 0.06167), (16219.55, 0.01028), (16219.57, 0.0063), (16219.59, 0.01028), (16219.61, 0.001)]"
27915235788,1669010085124,1669010085124,"[(16218.51, 0.0798), (16218.45, 0.001), (16218.2, 0.00199), (16218.19, 0.001), (16218.15, 0.03), (16218.1, 0.001), (16218.08, 0.06284), (16218.04, 0.0143), (16218.02, 0.00688), (16218.0, 0.00617), (16217.93, 0.00063), (16217.86, 0.01148), (16217.84, 0.02004), (16217.81, 0.00307), (16217.78, 0.001), (16217.76, 0.01028), (16217.75, 0.001), (16217.74, 0.001), (16217.73, 0.10687), (16217.64, 0.001)]","[(16219.16, 0.04765), (16219.17, 0.00259), (16219.18, 0.00906), (16219.21, 0.00949), (16219.22, 0.00487), (16219.23, 0.11004), (16219.3, 0.001), (16219.33, 0.03833), (16219.34, 0.00065), (16219.39, 0.03142), (16219.4, 0.01028), (16219.41, 0.06167), (16219.47, 0.01571), (16219.48, 0.06167), (16219.49, 0.00714), (16219.5, 0.00063), (16219.53, 0.06167), (16219.55, 0.01028), (16219.57, 0.0063), (16219.59, 0.01028)]"
27915235835,1669010085224,1669010085224,"[(16218.52, 0.19839), (16218.51, 0.0798), (16218.5, 0.01541), (16218.45, 0.001), (16218.26, 0.001), (16218.2, 0.00199), (16218.19, 0.001), (16218.15, 0.04), (16218.1, 0.002), (16218.08, 0.06284), (16218.04, 0.0143), (16218.03, 0.01541), (16218.02, 0.00688), (16218.0, 0.00617), (16217.93, 0.00063), (16217.86, 0.01148), (16217.84, 0.02004), (16217.81, 0.00307), (16217.78, 0.001), (16217.76, 0.01028)]","[(16219.21, 0.00949), (16219.22, 0.00487), (16219.23, 0.11004), (16219.3, 0.001), (16219.33, 0.03833), (16219.34, 0.00065), (16219.39, 0.03142), (16219.4, 0.01028), (16219.41, 0.06167), (16219.47, 0.01571), (16219.48, 0.06167), (16219.49, 0.00714), (16219.5, 0.00063), (16219.53, 0.06167), (16219.55, 0.01028), (16219.57, 0.0063), (16219.59, 0.01028), (16219.61, 0.001), (16219.65, 0.183), (16219.66, 0.0067)]"
27915235880,1669010085324,1669010085324,"[(16218.51, 0.0798), (16218.5, 0.01541), (16218.45, 0.001), (16218.26, 0.001), (16218.2, 0.00199), (16218.19, 0.001), (16218.15, 0.04), (16218.1, 0.002), (16218.08, 0.06284), (16218.04, 0.0143), (16218.03, 0.01541), (16218.02, 0.00688), (16218.0, 0.00617), (16217.93, 0.00063), (16217.88, 0.001), (16217.86, 0.01148), (16217.84, 0.02004), (16217.81, 0.00307), (16217.78, 0.001), (16217.76, 0.01028)]","[(16219.19, 0.01511), (16219.2, 0.04742), (16219.21, 0.00949), (16219.22, 0.00487), (16219.23, 0.11004), (16219.3, 0.001), (16219.33, 0.03833), (16219.34, 0.00065), (16219.39, 0.03142), (16219.4, 0.01028), (16219.41, 0.06167), (16219.47, 0.01571), (16219.48, 0.06167), (16219.49, 0.00714), (16219.5, 0.00063), (16219.53, 0.06167), (16219.55, 0.01028), (16219.57, 0.0063), (16219.59, 0.01028), (16219.61, 0.001)]"
27915235941,1669010085424,1669010085424,"[(16218.5, 0.01541), (16218.45, 0.001), (16218.26, 0.002), (16218.22, 0.00069), (16218.2, 0.00199), (16218.19, 0.001), (16218.15, 0.03), (16218.1, 0.002), (16218.08, 0.06284), (16218.04, 0.0143), (16218.02, 0.00688), (16218.0, 0.00617), (16217.93, 0.00063), (16217.91, 0.04215), (16217.88, 0.001), (16217.86, 0.01148), (16217.81, 0.00307), (16217.78, 0.002), (16217.76, 0.01028), (16217.75, 0.001)]","[(16218.78, 0.04747), (16218.79, 0.00134), (16219.2, 0.03524), (16219.21, 0.00949), (16219.22, 0.00487), (16219.23, 0.11004), (16219.3, 0.001), (16219.33, 0.03833), (16219.34, 0.00065), (16219.39, 0.03142), (16219.4, 0.01028), (16219.41, 0.06167), (16219.47, 0.01571), (16219.48, 0.06167), (16219.49, 0.00714), (16219.5, 0.00063), (16219.53, 0.06167), (16219.55, 0.01028), (16219.57, 0.0063), (16219.59, 0.01028)]"
27915235978,1669010085525,1669010085525,"[(16218.45, 1e-5), (16218.26, 0.002), (16218.22, 0.00069), (16218.2, 0.00199), (16218.11, 0.02741), (16218.1, 0.002), (16218.08, 0.06284), (16218.04, 0.0143), (16218.02, 0.00688), (16218.0, 0.0068), (16217.91, 0.04215), (16217.88, 0.001), (16217.86, 0.01148), (16217.81, 0.00307), (16217.78, 0.002), (16217.77, 0.06165), (16217.76, 0.01028), (16217.75, 0.001), (16217.73, 0.10687), (16217.66, 0.003)]","[(16218.78, 0.04747), (16218.79, 0.00134), (16219.19, 0.09759), (16219.2, 0.03524), (16219.21, 0.00949), (16219.22, 0.00487), (16219.23, 0.11004), (16219.33, 0.03833), (16219.39, 0.03142), (16219.4, 0.01028), (16219.41, 0.06167), (16219.47, 0.01571), (16219.48, 0.06167), (16219.49, 0.00651), (16219.5, 0.00063), (16219.53, 0.06167), (16219.55, 0.01028), (16219.57, 0.0063), (16219.59, 0.01028), (16219.61, 0.00163)]"
27915236005,1669010085624,1669010085624,"[(16218.45, 1e-5), (16218.26, 0.002), (16218.22, 0.00069), (16218.2, 0.00199), (16218.11, 0.02741), (16218.1, 0.002), (16218.08, 0.06284), (16218.04, 0.0143), (16218.02, 0.00812), (16218.0, 0.0068), (16217.94, 0.00065), (16217.91, 0.04215), (16217.88, 0.001), (16217.86, 0.01148), (16217.81, 0.00307), (16217.78, 0.01982), (16217.77, 0.06165), (16217.76, 0.01028), (16217.75, 0.001), (16217.73, 0.10687)]","[(16218.78, 0.04747), (16218.79, 0.00134), (16219.19, 0.05801), (16219.21, 0.00949), (16219.22, 0.00487), (16219.23, 0.11004), (16219.33, 0.03833), (16219.39, 0.03142), (16219.4, 0.01028), (16219.41, 0.06167), (16219.47, 0.01571), (16219.48, 0.06167), (16219.49, 0.00651), (16219.5, 0.00063), (16219.53, 0.06167), (16219.55, 0.01028), (16219.57, 0.0063), (16219.59, 0.01028), (16219.61, 0.00163), (16219.65, 0.183)]"
27915236038,1669010085725,1669010085725,"[(16218.26, 0.002), (16218.22, 0.00069), (16218.2, 0.00199), (16218.12, 0.02179), (16218.11, 0.02741), (16218.1, 0.002), (16218.08, 0.06284), (16218.04, 0.0143), (16218.02, 0.00812), (16218.0, 0.0068), (16217.94, 0.00065), (16217.93, 0.001), (16217.91, 0.04215), (16217.88, 0.001), (16217.86, 0.01148), (16217.81, 0.00307), (16217.78, 0.01982), (16217.77, 0.06165), (16217.76, 0.01028), (16217.75, 0.001)]","[(16218.78, 0.04747), (16218.79, 0.00134), (16219.18, 0.07482), (16219.19, 0.0369), (16219.21, 0.00949), (16219.22, 0.00487), (16219.23, 0.11004), (16219.33, 0.03833), (16219.39, 0.03142), (16219.4, 0.01028), (16219.41, 0.06167), (16219.47, 0.26641), (16219.48, 0.06167), (16219.49, 0.00651), (16219.5, 0.00164), (16219.53, 0.06167), (16219.55, 0.01028), (16219.57, 0.0063), (16219.59, 0.01028), (16219.61, 0.00163)]"
27915236083,1669010085825,1669010085825,"[(16218.22, 0.00069), (16218.2, 0.00199), (16218.12, 0.02179), (16218.1, 0.002), (16218.08, 0.06284), (16218.04, 0.0143), (16218.02, 0.00688), (16218.0, 0.0068), (16217.94, 0.00065), (16217.93, 0.001), (16217.91, 0.04215), (16217.88, 0.001), (16217.86, 0.01148), (16217.81, 0.00307), (16217.78, 0.01982), (16217.77, 0.06165), (16217.76, 0.01028), (16217.75, 0.00398), (16217.73, 0.10687), (16217.68, 0.00398)]","[(16218.78, 0.04747), (16218.79, 0.00134), (16219.18, 0.03524), (16219.21, 0.00949), (16219.22, 0.00487), (16219.23, 0.11004), (16219.33, 0.03833), (16219.39, 0.03142), (16219.4, 0.01028), (16219.41, 0.06167), (16219.47, 0.31682), (16219.48, 0.06167), (16219.49, 0.00651), (16219.5, 0.00164), (16219.53, 0.06167), (16219.55, 0.01028), (16219.57, 0.0063), (16219.59, 0.01028), (16219.61, 0.00163), (16219.65, 0.183)]"
27915236140,1669010085925,1669010085925,"[(16218.2, 0.00119), (16218.13, 0.02741), (16218.1, 0.001), (16218.08, 0.06284), (16218.04, 0.0143), (16218.0, 0.0068), (16217.98, 0.001), (16217.94, 0.00065), (16217.93, 0.001), (16217.91, 0.04215), (16217.88, 0.001), (16217.86, 0.01348), (16217.81, 0.00307), (16217.79, 0.001), (16217.78, 0.01982), (16217.76, 0.01028), (16217.75, 0.00398), (16217.73, 0.10687), (16217.68, 0.00398), (16217.66, 0.003)]","[(16218.41, 0.00114), (16218.74, 0.06559), (16218.75, 0.08067), (16218.77, 0.03958), (16219.13, 0.03199), (16219.18, 0.03524), (16219.21, 0.00949), (16219.22, 0.00487), (16219.23, 0.11004), (16219.33, 0.03833), (16219.39, 0.03142), (16219.4, 0.01028), (16219.41, 0.06167), (16219.47, 0.31682), (16219.48, 0.06167), (16219.49, 0.00651), (16219.5, 0.00164), (16219.53, 0.06167), (16219.55, 0.01028), (16219.57, 0.0063)]"
27915236240,1669010086026,1669010086026,"[(16218.2, 0.0779), (16218.19, 0.12818), (16218.17, 0.19511), (16218.13, 0.02741), (16218.1, 0.001), (16218.08, 0.06284), (16218.0, 0.0068), (16217.98, 0.001), (16217.93, 0.001), (16217.88, 0.001), (16217.86, 0.01348), (16217.81, 0.00307), (16217.79, 0.001), (16217.78, 0.01982), (16217.76, 0.01028), (16217.75, 0.00398), (16217.73, 0.10687), (16217.68, 0.00398), (16217.66, 0.003), (16217.65, 0.0067)]","[(16219.46, 0.02111), (16219.47, 0.06612), (16219.48, 0.06167), (16219.49, 0.00651), (16219.5, 0.00063), (16219.53, 0.06167), (16219.55, 0.01028), (16219.57, 0.0063), (16219.59, 0.01028), (16219.61, 0.00163), (16219.65, 0.183), (16219.69, 0.2), (16219.72, 0.38104), (16219.73, 0.19517), (16219.76, 0.1599), (16219.8, 0.03335), (16219.81, 0.01256), (16219.87, 0.04), (16219.97, 0.0026), (16219.99, 0.02904)]"
27915236382,1669010086126,1669010086126,"[(16218.34, 0.07613), (16218.33, 0.10639), (16218.32, 0.02004), (16218.28, 0.12332), (16218.24, 0.01111), (16218.21, 0.0143), (16218.2, 0.08067), (16218.19, 0.00163), (16218.1, 0.002), (16218.08, 0.06284), (16218.0, 0.00617), (16217.98, 0.001), (16217.93, 0.001), (16217.88, 0.001), (16217.86, 0.01348), (16217.81, 0.00307), (16217.79, 0.001), (16217.78, 0.002), (16217.77, 0.003), (16217.76, 0.01028)]","[(16219.32, 0.00177), (16219.44, 0.02111), (16219.45, 0.12491), (16219.47, 0.04612), (16219.49, 0.00651), (16219.5, 0.00063), (16219.55, 0.01028), (16219.57, 0.0063), (16219.59, 0.01028), (16219.61, 0.001), (16219.65, 0.1896), (16219.69, 0.2), (16219.72, 0.44971), (16219.73, 0.02327), (16219.8, 0.03398), (16219.81, 0.01256), (16219.87, 0.04), (16219.97, 0.0026), (16219.98, 0.03641), (16219.99, 0.02904)]"
27915236551,1669010086227,1669010086227,"[(16219.3, 0.01151), (16218.66, 0.00665), (16218.63, 0.03084), (16218.43, 0.02179), (16218.42, 0.04061), (16218.4, 0.001), (16218.35, 0.0143), (16218.21, 0.001), (16218.2, 0.08067), (16218.19, 0.00282), (16218.1, 0.001), (16218.08, 0.06284), (16218.0, 0.00617), (16217.98, 0.001), (16217.93, 0.001), (16217.88, 0.001), (16217.86, 0.01348), (16217.81, 0.00307), (16217.79, 0.001), (16217.78, 0.002)]","[(16219.72, 0.44971), (16219.73, 0.02327), (16219.8, 0.00063), (16219.81, 0.01256), (16219.87, 0.04), (16219.97, 0.0026), (16219.98, 0.03641), (16219.99, 0.02904), (16220.0, 0.65166), (16220.05, 0.25521), (16220.06, 0.00337), (16220.18, 0.00181), (16220.22, 0.01177), (16220.29, 0.01571), (16220.3, 0.16627), (16220.31, 0.1498), (16220.33, 0.00171), (16220.34, 0.0075), (16220.35, 0.0075), (16220.41, 0.01028)]"
27915236658,1669010086326,1669010086326,"[(16218.93, 0.102), (16218.92, 0.01111), (16218.91, 0.0143), (16218.77, 0.00266), (16218.69, 0.05), (16218.66, 0.00665), (16218.63, 0.03084), (16218.4, 0.001), (16218.22, 0.00199), (16218.21, 0.001), (16218.2, 0.08067), (16218.19, 0.00182), (16218.1, 0.001), (16218.08, 0.06284), (16218.0, 0.00617), (16217.98, 0.001), (16217.93, 0.175), (16217.92, 0.318), (16217.86, 0.01248), (16217.81, 0.00307)]","[(16219.49, 0.00475), (16219.69, 0.12645), (16219.7, 0.08067), (16219.72, 0.44971), (16219.73, 0.02327), (16219.8, 0.00063), (16219.81, 0.01256), (16219.87, 0.04), (16219.97, 0.0026), (16219.98, 0.03641), (16219.99, 0.02904), (16220.0, 0.65166), (16220.06, 0.00337), (16220.17, 0.005), (16220.18, 0.00181), (16220.22, 0.01177), (16220.29, 0.01571), (16220.3, 0.00637), (16220.34, 0.0075), (16220.35, 0.0075)]"
27915236720,1669010086426,1669010086426,"[(16218.93, 0.102), (16218.77, 0.00573), (16218.69, 0.05), (16218.68, 0.0143), (16218.66, 0.00665), (16218.64, 0.00065), (16218.63, 0.03084), (16218.53, 0.001), (16218.4, 0.001), (16218.36, 0.01541), (16218.22, 0.00199), (16218.21, 0.04525), (16218.2, 0.08067), (16218.19, 0.00182), (16218.13, 0.06165), (16218.1, 0.002), (16218.08, 0.06284), (16218.07, 0.001), (16218.0, 0.00617), (16217.98, 0.002)]","[(16219.6, 0.01541), (16219.61, 0.00337), (16219.69, 0.00067), (16219.7, 0.08067), (16219.72, 0.44971), (16219.8, 0.00063), (16219.81, 0.01256), (16219.97, 0.0026), (16219.98, 0.03641), (16219.99, 0.02904), (16220.0, 0.65166), (16220.06, 0.00337), (16220.17, 0.005), (16220.18, 0.00181), (16220.22, 0.01177), (16220.29, 0.01571), (16220.3, 0.00637), (16220.34, 0.0075), (16220.35, 0.0075), (16220.41, 0.01028)]"
27915236764,1669010086527,1669010086527,"[(16218.94, 0.01923), (16218.93, 0.102), (16218.8, 0.001), (16218.77, 0.00573), (16218.68, 0.0143), (16218.66, 0.00665), (16218.64, 0.00065), (16218.63, 0.03084), (16218.53, 0.001), (16218.4, 0.001), (16218.36, 0.01541), (16218.32, 0.05636), (16218.3, 0.05536), (16218.29, 0.00063), (16218.28, 0.05535), (16218.22, 0.00199), (16218.21, 0.04525), (16218.2, 0.08067), (16218.19, 0.00182), (16218.13, 0.06165)]","[(16219.5, 0.00069), (16219.58, 0.02111), (16219.59, 0.10552), (16219.6, 0.01541), (16219.61, 0.00337), (16219.69, 0.00948), (16219.7, 0.08067), (16219.72, 0.44971), (16219.8, 0.00063), (16219.81, 0.01256), (16219.97, 0.0026), (16219.98, 0.03641), (16219.99, 0.02904), (16220.0, 0.65166), (16220.06, 0.00337), (16220.17, 0.005), (16220.18, 0.00181), (16220.29, 0.01571), (16220.3, 0.00637), (16220.34, 0.0075)]"
27915236795,1669010086628,1669010086628,"[(16218.95, 0.05), (16218.94, 0.01923), (16218.93, 0.0651), (16218.8, 0.001), (16218.77, 0.00573), (16218.68, 0.0143), (16218.66, 0.00665), (16218.64, 0.00065), (16218.63, 0.03084), (16218.53, 0.001), (16218.4, 0.001), (16218.36, 0.01541), (16218.32, 0.05636), (16218.3, 0.05636), (16218.29, 0.00063), (16218.28, 0.05535), (16218.22, 0.00199), (16218.21, 0.04525), (16218.2, 0.08067), (16218.19, 0.00182)]","[(16219.6, 0.0031), (16219.61, 0.00337), (16219.69, 0.00067), (16219.7, 0.08067), (16219.72, 0.44971), (16219.8, 0.00063), (16219.81, 0.01256), (16219.97, 0.0026), (16219.98, 0.03641), (16219.99, 0.02904), (16220.0, 0.65166), (16220.06, 0.00337), (16220.17, 0.005), (16220.18, 0.00181), (16220.29, 0.21571), (16220.3, 0.00637), (16220.34, 0.0075), (16220.35, 0.0075), (16220.39, 0.04), (16220.41, 0.01028)]"
27915236828,1669010086728,1669010086728,"[(16218.95, 0.05), (16218.93, 0.0651), (16218.89, 0.00063), (16218.8, 0.001), (16218.77, 0.00573), (16218.68, 0.0143), (16218.66, 0.00665), (16218.64, 0.00065), (16218.63, 0.03084), (16218.53, 0.001), (16218.48, 0.02004), (16218.4, 0.001), (16218.36, 0.01541), (16218.34, 0.001), (16218.32, 0.05636), (16218.3, 0.05636), (16218.29, 0.00063), (16218.28, 0.05535), (16218.22, 0.00199), (16218.21, 0.04525)]","[(16219.69, 0.10637), (16219.7, 0.08067), (16219.72, 0.44971), (16219.81, 0.01256), (16219.97, 0.0026), (16219.98, 0.03641), (16219.99, 0.02904), (16220.0, 0.65166), (16220.06, 0.00337), (16220.16, 0.25851), (16220.17, 0.005), (16220.18, 0.00181), (16220.29, 0.21571), (16220.3, 0.00637), (16220.34, 0.0075), (16220.35, 0.0075), (16220.39, 0.04), (16220.41, 0.01028), (16220.47, 0.19823), (16220.59, 0.1719)]"
27915236884,1669010086828,1669010086828,"[(16218.97, 0.0869), (16218.96, 0.02621), (16218.89, 0.00063), (16218.8, 0.001), (16218.77, 0.00573), (16218.68, 0.0143), (16218.66, 0.00665), (16218.64, 0.00065), (16218.63, 0.03084), (16218.53, 0.001), (16218.48, 0.02004), (16218.4, 0.001), (16218.36, 0.01541), (16218.34, 0.001), (16218.32, 0.05636), (16218.3, 0.05636), (16218.29, 0.00063), (16218.28, 0.05535), (16218.22, 0.00398), (16218.21, 0.04724)]","[(16219.67, 0.00062), (16219.68, 0.00168), (16219.69, 0.09822), (16219.7, 0.08146), (16219.72, 0.44971), (16219.81, 0.01256), (16219.97, 0.0026), (16219.98, 0.03641), (16220.0, 0.65166), (16220.05, 0.27157), (16220.06, 0.00337), (16220.16, 0.48888), (16220.17, 0.005), (16220.18, 0.00181), (16220.28, 0.02904), (16220.29, 0.21571), (16220.3, 0.00637), (16220.34, 0.0075), (16220.35, 0.0075), (16220.39, 0.04)]"
27915236958,1669010086930,1669010086930,"[(16219.67, 0.012), (16219.03, 0.05), (16219.02, 0.08067), (16218.99, 0.0838), (16218.89, 0.00063), (16218.86, 0.00069), (16218.8, 0.001), (16218.77, 0.00573), (16218.68, 0.0143), (16218.66, 0.00665), (16218.65, 0.02004), (16218.63, 0.03084), (16218.53, 0.001), (16218.4, 0.001), (16218.36, 0.01541), (16218.34, 0.001), (16218.32, 0.05835), (16218.3, 0.05636), (16218.29, 0.00063), (16218.28, 0.05535)]","[(16219.69, 0.08667), (16219.7, 0.08146), (16219.72, 0.44971), (16219.81, 0.01256), (16219.97, 0.24647), (16219.98, 0.03641), (16220.0, 0.65166), (16220.05, 0.27554), (16220.06, 0.00337), (16220.15, 0.26199), (16220.16, 0.00063), (16220.17, 0.005), (16220.18, 0.00181), (16220.28, 0.02904), (16220.29, 0.21571), (16220.3, 0.00637), (16220.34, 0.0075), (16220.35, 0.0075), (16220.39, 0.04), (16220.41, 0.01028)]"
27915237056,1669010087029,1669010087029,"[(16219.07, 0.0989), (16219.06, 0.03165), (16219.02, 0.08067), (16218.98, 0.002), (16218.89, 0.00063), (16218.86, 0.00069), (16218.8, 0.001), (16218.77, 0.00573), (16218.68, 0.0143), (16218.66, 0.00665), (16218.63, 0.03084), (16218.53, 0.001), (16218.4, 0.001), (16218.36, 0.02217), (16218.34, 0.002), (16218.32, 0.05835), (16218.3, 0.05636), (16218.29, 0.00063), (16218.28, 0.05535), (16218.22, 0.03471)]","[(16219.69, 0.05234), (16219.7, 0.08146), (16219.72, 0.44971), (16219.81, 0.01256), (16219.97, 0.24647), (16219.98, 0.03641), (16220.0, 0.65166), (16220.04, 0.00065), (16220.05, 0.27554), (16220.06, 0.00337), (16220.15, 0.26199), (16220.16, 0.00063), (16220.17, 0.005), (16220.18, 0.00181), (16220.28, 0.02904), (16220.29, 0.21571), (16220.3, 0.00637), (16220.34, 0.0075), (16220.35, 0.0075), (16220.39, 0.04)]"
27915237095,1669010087129,1669010087129,"[(16219.02, 0.08067), (16218.98, 0.002), (16218.89, 0.00063), (16218.86, 0.00069), (16218.8, 0.001), (16218.77, 0.00573), (16218.68, 0.0143), (16218.66, 0.00665), (16218.63, 0.03084), (16218.53, 0.001), (16218.36, 0.02217), (16218.34, 0.002), (16218.33, 0.05085), (16218.32, 0.05835), (16218.3, 0.05636), (16218.29, 0.00063), (16218.28, 0.05535), (16218.22, 0.03471), (16218.21, 0.32221), (16218.19, 0.00119)]","[(16219.68, 0.0022), (16219.69, 0.05234), (16219.7, 0.08146), (16219.72, 0.44971), (16219.81, 0.01256), (16219.97, 0.24647), (16219.98, 0.03641), (16220.0, 0.65166), (16220.04, 0.00065), (16220.05, 0.27554), (16220.06, 0.00337), (16220.15, 0.26199), (16220.16, 0.00063), (16220.17, 0.005), (16220.18, 0.00181), (16220.28, 0.02904), (16220.29, 0.21571), (16220.3, 0.00637), (16220.34, 0.0075), (16220.35, 0.0075)]"
27915237126,1669010087229,1669010087229,"[(16219.04, 0.09452), (16219.03, 0.04881), (16219.02, 0.08067), (16218.98, 0.002), (16218.89, 0.00063), (16218.86, 0.00069), (16218.8, 0.001), (16218.77, 0.00573), (16218.74, 0.001), (16218.68, 0.0143), (16218.66, 0.00665), (16218.63, 0.03084), (16218.53, 0.001), (16218.52, 0.06165), (16218.45, 0.001), (16218.36, 0.02217), (16218.34, 0.002), (16218.33, 0.05085), (16218.32, 0.05835), (16218.3, 0.05636)]","[(16219.69, 0.03754), (16219.7, 0.08146), (16219.72, 0.44971), (16219.81, 0.01256), (16219.97, 0.24647), (16219.98, 0.03641), (16220.0, 0.65166), (16220.04, 0.00065), (16220.05, 0.27554), (16220.06, 0.00337), (16220.15, 0.26199), (16220.16, 0.00063), (16220.17, 0.005), (16220.18, 0.00181), (16220.28, 0.02904), (16220.29, 0.21571), (16220.3, 0.00637), (16220.34, 0.0075), (16220.35, 0.0075), (16220.39, 0.04)]"
27915237168,1669010087330,1669010087330,"[(16219.04, 0.09452), (16219.02, 0.08067), (16218.98, 0.00263), (16218.86, 0.00069), (16218.8, 0.001), (16218.77, 0.00573), (16218.74, 0.001), (16218.68, 0.0143), (16218.66, 0.00665), (16218.63, 0.03084), (16218.53, 0.001), (16218.52, 0.06165), (16218.45, 0.001), (16218.36, 0.02217), (16218.34, 0.002), (16218.33, 0.05085), (16218.32, 0.05835), (16218.3, 0.05636), (16218.29, 0.00063), (16218.28, 0.05535)]","[(16219.69, 0.02375), (16219.7, 0.00079), (16219.72, 0.44971), (16219.81, 0.01256), (16219.97, 0.24647), (16219.98, 0.03641), (16220.0, 0.65166), (16220.04, 0.00065), (16220.05, 0.27554), (16220.06, 0.00337), (16220.14, 0.005), (16220.15, 0.26199), (16220.18, 0.00181), (16220.25, 0.00063), (16220.28, 0.02904), (16220.29, 0.21571), (16220.3, 0.00637), (16220.34, 0.0075), (16220.35, 0.0075), (16220.39, 0.04)]"
27915237213,1669010087429,1669010087429,"[(16219.17, 0.09452), (16219.16, 0.11016), (16219.05, 0.06311), (16219.02, 0.08067), (16218.98, 0.00263), (16218.86, 0.00069), (16218.8, 0.001), (16218.77, 0.00573), (16218.74, 0.001), (16218.68, 0.0143), (16218.66, 0.00665), (16218.63, 0.03084), (16218.54, 0.002), (16218.52, 0.06165), (16218.45, 0.001), (16218.36, 0.02217), (16218.34, 0.002), (16218.33, 0.05085), (16218.32, 0.05835), (16218.3, 0.05636)]","[(16219.18, 0.69357), (16219.7, 0.00079), (16219.72, 0.44971), (16219.81, 0.01256), (16219.97, 0.24647), (16219.98, 0.03641), (16220.0, 0.65166), (16220.04, 0.00065), (16220.05, 0.27554), (16220.06, 0.00337), (16220.14, 0.005), (16220.15, 0.26199), (16220.18, 0.00181), (16220.25, 0.00063), (16220.26, 0.02327), (16220.28, 0.02904), (16220.29, 0.21571), (16220.3, 0.00637), (16220.34, 0.0075), (16220.35, 0.0075)]"
27915237267,1669010087531,1669010087531,"[(16219.2, 0.05), (16219.17, 0.09452), (16219.16, 0.11016), (16219.08, 0.00663), (16219.05, 0.06311), (16219.02, 0.08067), (16218.98, 0.00263), (16218.86, 0.00069), (16218.77, 0.00573), (16218.74, 0.001), (16218.66, 0.00665), (16218.65, 0.00219), (16218.63, 0.03084), (16218.54, 0.002), (16218.52, 0.06165), (16218.45, 0.001), (16218.37, 0.0143), (16218.36, 0.00676), (16218.34, 0.002), (16218.33, 0.05085)]","[(16219.72, 0.4285), (16219.81, 0.01256), (16219.97, 0.24647), (16219.98, 0.03641), (16220.0, 1.15166), (16220.04, 0.00065), (16220.05, 0.27554), (16220.06, 0.00337), (16220.14, 0.005), (16220.15, 0.26199), (16220.18, 0.00181), (16220.25, 0.00063), (16220.26, 0.02327), (16220.28, 0.02904), (16220.29, 0.21571), (16220.3, 0.00637), (16220.34, 0.0075), (16220.35, 0.0075), (16220.39, 0.04), (16220.47, 0.19823)]"
27915237309,1669010087630,1669010087630,"[(16219.16, 0.11016), (16219.08, 0.00663), (16219.05, 0.06311), (16219.02, 0.08067), (16218.98, 0.00263), (16218.91, 0.0143), (16218.86, 0.00069), (16218.77, 0.00573), (16218.74, 0.001), (16218.66, 0.00665), (16218.65, 0.00219), (16218.63, 0.03084), (16218.54, 0.002), (16218.45, 0.001), (16218.36, 0.00676), (16218.34, 0.05544), (16218.33, 0.05085), (16218.32, 0.05735), (16218.3, 0.05536), (16218.29, 0.00063)]","[(16219.71, 0.02111), (16219.72, 0.57915), (16219.81, 0.01256), (16219.97, 0.24647), (16219.98, 0.03641), (16220.0, 1.15166), (16220.01, 0.0026), (16220.04, 0.00065), (16220.05, 0.27554), (16220.06, 0.00337), (16220.14, 0.005), (16220.15, 0.26199), (16220.18, 0.00181), (16220.25, 0.00063), (16220.26, 0.02327), (16220.28, 0.02904), (16220.29, 0.21571), (16220.3, 0.00637), (16220.34, 0.0075), (16220.35, 0.0075)]"
27915237342,1669010087730,1669010087730,"[(16219.19, 0.09452), (16219.18, 0.00999), (16219.17, 0.08067), (16219.16, 0.11016), (16219.08, 0.00663), (16219.05, 0.06311), (16218.98, 0.00263), (16218.91, 0.0143), (16218.86, 0.00069), (16218.77, 0.00573), (16218.74, 0.001), (16218.66, 0.00665), (16218.65, 0.00219), (16218.63, 0.03084), (16218.54, 0.002), (16218.46, 0.06165), (16218.45, 0.001), (16218.36, 0.00676), (16218.34, 0.05444), (16218.33, 0.05085)]","[(16219.72, 0.57915), (16219.81, 0.01256), (16219.98, 0.03641), (16220.0, 1.15166), (16220.01, 0.0026), (16220.04, 0.00065), (16220.05, 0.27554), (16220.06, 0.00337), (16220.14, 0.005), (16220.15, 0.26199), (16220.18, 0.00181), (16220.25, 0.00063), (16220.26, 0.02327), (16220.28, 0.02904), (16220.29, 0.21571), (16220.3, 0.00637), (16220.34, 0.0075), (16220.35, 0.0075), (16220.39, 0.04), (16220.47, 0.19823)]"
27915237368,1669010087830,1669010087830,"[(16219.18, 0.001), (16219.17, 0.08067), (16219.16, 0.11016), (16219.08, 0.00663), (16219.04, 0.001), (16218.98, 0.00263), (16218.91, 0.0143), (16218.86, 0.00069), (16218.77, 0.00573), (16218.74, 0.001), (16218.66, 0.00665), (16218.65, 0.00219), (16218.63, 0.03084), (16218.54, 0.002), (16218.46, 0.06165), (16218.45, 0.001), (16218.36, 0.00676), (16218.34, 0.05444), (16218.33, 0.05085), (16218.32, 0.05735)]","[(16219.71, 0.00812), (16219.72, 0.57915), (16219.81, 0.01256), (16219.98, 0.03641), (16220.0, 1.15166), (16220.01, 0.0026), (16220.04, 0.00065), (16220.05, 0.27554), (16220.06, 0.00337), (16220.14, 0.005), (16220.15, 0.26199), (16220.18, 0.00181), (16220.25, 0.00063), (16220.26, 0.02327), (16220.28, 0.02904), (16220.29, 0.21571), (16220.3, 0.00637), (16220.34, 0.0075), (16220.35, 0.0075), (16220.39, 0.04)]"
27915237401,1669010087930,1669010087930,"[(16219.18, 0.001), (16219.17, 0.08067), (16219.16, 0.11016), (16219.1, 0.00063), (16219.08, 0.00663), (16219.04, 0.001), (16218.98, 0.002), (16218.91, 0.0143), (16218.86, 0.00069), (16218.77, 0.00573), (16218.74, 0.001), (16218.66, 0.06976), (16218.65, 0.00219), (16218.63, 0.03084), (16218.54, 0.002), (16218.48, 0.00199), (16218.46, 0.06165), (16218.45, 0.001), (16218.36, 0.00676), (16218.35, 0.00199)]","[(16219.71, 0.00812), (16219.72, 0.57915), (16219.81, 0.01256), (16219.98, 0.03641), (16220.0, 1.15166), (16220.01, 0.0026), (16220.04, 0.00065), (16220.05, 0.27554), (16220.06, 0.00337), (16220.13, 0.26472), (16220.14, 0.005), (16220.15, 0.26199), (16220.18, 0.00181), (16220.26, 0.02327), (16220.27, 0.00063), (16220.28, 0.02904), (16220.29, 0.21571), (16220.3, 0.00637), (16220.34, 0.0075), (16220.35, 0.0075)]"
27915237503,1669010088031,1669010088031,"[(16218.37, 0.04287), (16218.36, 0.7637), (16218.35, 0.59125), (16218.34, 0.01478), (16218.33, 0.05085), (16218.32, 0.05536), (16218.3, 0.05536), (16218.29, 0.00063), (16218.28, 0.05535), (16218.22, 0.06988), (16218.21, 0.16648), (16218.2, 0.03073), (16218.13, 0.06165), (16218.12, 0.10323), (16218.08, 0.06284), (16218.01, 0.01028), (16218.0, 0.00617), (16217.86, 0.01148), (16217.84, 0.001), (16217.81, 0.00307)]","[(16219.17, 0.00651), (16219.7, 0.05548), (16219.71, 0.11846), (16219.72, 0.57677), (16219.81, 0.01256), (16219.85, 0.02707), (16219.98, 0.03641), (16220.0, 1.15166), (16220.01, 0.0026), (16220.04, 0.00065), (16220.05, 0.27554), (16220.06, 0.29548), (16220.13, 0.26472), (16220.14, 0.005), (16220.15, 0.26199), (16220.18, 0.00181), (16220.26, 0.02327), (16220.27, 0.00063), (16220.28, 0.02904), (16220.29, 0.21571)]"
27915237629,1669010088130,1669010088130,"[(16218.89, 0.0233), (16218.7, 0.05611), (16218.68, 0.03901), (16218.67, 0.03851), (16218.65, 0.09452), (16218.64, 0.00065), (16218.41, 0.6718), (16218.4, 0.00351), (16218.39, 0.49255), (16218.38, 0.05032), (16218.37, 0.00386), (16218.36, 0.66918), (16218.32, 0.05536), (16218.3, 0.05536), (16218.29, 0.00063), (16218.28, 0.05535), (16218.22, 0.02056), (16218.21, 0.00678), (16218.2, 0.03073), (16218.12, 0.10323)]","[(16219.68, 0.04399), (16219.69, 0.11222), (16219.71, 0.08067), (16219.72, 0.0015), (16219.81, 0.01256), (16219.85, 0.02707), (16219.86, 0.04), (16219.98, 0.03641), (16219.99, 0.9178), (16220.0, 1.15166), (16220.01, 0.0026), (16220.05, 0.27554), (16220.06, 0.29548), (16220.07, 0.00661), (16220.12, 0.02904), (16220.13, 0.26472), (16220.14, 0.005), (16220.15, 0.26199), (16220.18, 0.00181), (16220.26, 0.02327)]"
27915237710,1669010088231,1669010088231,"[(16219.2, 0.01811), (16219.19, 0.03851), (16219.18, 0.0143), (16218.95, 0.01811), (16218.94, 0.10601), (16218.92, 0.04061), (16218.91, 0.03073), (16218.89, 0.0233), (16218.87, 0.0143), (16218.69, 0.001), (16218.64, 0.00065), (16218.63, 0.00655), (16218.42, 0.51676), (16218.41, 0.54848), (16218.4, 0.08631), (16218.39, 0.49255), (16218.38, 0.05232), (16218.37, 0.00386), (16218.32, 0.05536), (16218.3, 0.05536)]","[(16219.71, 0.06067), (16219.72, 0.0015), (16219.81, 0.01256), (16219.85, 0.02056), (16219.98, 0.03641), (16219.99, 0.9178), (16220.0, 1.15166), (16220.01, 0.0026), (16220.05, 0.27554), (16220.06, 0.29548), (16220.12, 0.02904), (16220.13, 0.26472), (16220.14, 0.005), (16220.15, 0.26199), (16220.18, 0.00181), (16220.26, 0.02327), (16220.27, 0.00063), (16220.29, 0.21571), (16220.32, 0.01028), (16220.34, 0.0075)]"
27915237758,1669010088331,1669010088331,"[(16219.23, 0.01811), (16219.22, 0.02386), (16219.21, 0.01149), (16219.19, 0.03851), (16219.18, 0.0143), (16218.95, 0.00351), (16218.94, 0.09452), (16218.91, 0.03073), (16218.87, 0.0143), (16218.69, 0.001), (16218.63, 0.00655), (16218.42, 0.51676), (16218.41, 0.54848), (16218.4, 0.08631), (16218.39, 0.49255), (16218.38, 0.05232), (16218.33, 0.10798), (16218.29, 0.00063), (16218.22, 0.17646), (16218.21, 0.1621)]","[(16219.5, 0.00069), (16219.71, 0.06067), (16219.72, 0.0015), (16219.81, 0.01256), (16219.85, 0.02056), (16219.88, 0.001), (16219.97, 0.11972), (16219.98, 0.03641), (16219.99, 0.9178), (16220.0, 1.15166), (16220.01, 0.0026), (16220.04, 0.00065), (16220.05, 0.27554), (16220.06, 0.29548), (16220.11, 0.183), (16220.12, 0.02904), (16220.13, 0.26472), (16220.14, 0.005), (16220.15, 0.26199), (16220.18, 0.00181)]"
27915237805,1669010088431,1669010088431,"[(16219.25, 0.01811), (16219.24, 0.10601), (16219.22, 0.02386), (16219.21, 0.01149), (16219.18, 0.0143), (16218.95, 0.05536), (16218.93, 0.05536), (16218.91, 0.03073), (16218.69, 0.0153), (16218.63, 0.00655), (16218.5, 0.01541), (16218.43, 0.04061), (16218.42, 0.57841), (16218.41, 0.54848), (16218.4, 0.08631), (16218.39, 0.49255), (16218.38, 0.003), (16218.33, 0.10798), (16218.29, 0.00063), (16218.26, 0.3312)]","[(16219.71, 0.04536), (16219.72, 0.0015), (16219.81, 0.01256), (16219.85, 0.02056), (16219.88, 0.001), (16219.96, 0.001), (16219.97, 0.03172), (16219.98, 0.03641), (16219.99, 1.23769), (16220.0, 1.15166), (16220.01, 0.0026), (16220.04, 0.00065), (16220.05, 0.27554), (16220.06, 0.29548), (16220.11, 0.183), (16220.12, 0.02904), (16220.13, 0.26472), (16220.15, 0.26199), (16220.18, 0.00181), (16220.26, 0.02327)]"
27915237852,1669010088531,1669010088531,"[(16219.18, 0.00387), (16219.0, 0.00063), (16218.97, 0.00199), (16218.96, 0.00351), (16218.95, 0.05536), (16218.93, 0.05536), (16218.69, 0.0153), (16218.63, 0.00655), (16218.43, 0.07134), (16218.42, 0.57841), (16218.41, 0.54848), (16218.4, 0.08631), (16218.39, 0.49255), (16218.38, 0.003), (16218.33, 0.10798), (16218.29, 0.00063), (16218.27, 0.174), (16218.26, 0.3156), (16218.25, 0.1621), (16218.22, 0.02056)]","[(16219.23, 0.01841), (16219.7, 0.01652), (16219.71, 0.04236), (16219.72, 0.0015), (16219.81, 0.01256), (16219.85, 0.02056), (16219.88, 0.001), (16219.95, 0.089), (16219.96, 0.001), (16219.97, 0.03172), (16219.98, 0.03641), (16219.99, 1.23769), (16220.0, 1.15166), (16220.01, 0.0026), (16220.05, 0.27554), (16220.06, 0.29548), (16220.11, 0.183), (16220.12, 0.02904), (16220.13, 0.26472), (16220.15, 0.29199)]"
27915237894,1669010088630,1669010088630,"[(16218.97, 0.00106), (16218.96, 0.00351), (16218.95, 0.05536), (16218.93, 0.05536), (16218.86, 0.00069), (16218.69, 0.001), (16218.63, 0.00655), (16218.43, 0.07134), (16218.42, 0.59271), (16218.41, 0.54848), (16218.4, 0.08631), (16218.39, 0.49255), (16218.38, 0.003), (16218.34, 0.1001), (16218.33, 0.10798), (16218.29, 0.00063), (16218.26, 0.1597), (16218.22, 0.02056), (16218.12, 0.10323), (16218.08, 0.06284)]","[(16219.69, 0.12466), (16219.72, 0.0015), (16219.81, 0.01256), (16219.85, 0.02056), (16219.88, 0.001), (16219.96, 0.001), (16219.97, 0.004), (16219.98, 0.03641), (16219.99, 1.23769), (16220.0, 1.15166), (16220.01, 0.0026), (16220.04, 0.00065), (16220.05, 0.27554), (16220.06, 0.29548), (16220.11, 0.183), (16220.12, 0.02904), (16220.13, 0.26472), (16220.15, 0.29199), (16220.18, 0.00181), (16220.2, 0.00063)]"
27915237955,1669010088732,1669010088732,"[(16218.88, 0.0143), (16218.86, 0.00069), (16218.69, 0.001), (16218.64, 0.00065), (16218.63, 0.00655), (16218.44, 0.02266), (16218.43, 0.07134), (16218.42, 0.57841), (16218.41, 0.54848), (16218.4, 0.08631), (16218.39, 0.49255), (16218.38, 0.003), (16218.34, 0.1001), (16218.33, 0.10798), (16218.29, 0.00063), (16218.22, 0.02056), (16218.12, 0.10323), (16218.08, 0.06284), (16218.01, 0.01028), (16218.0, 0.00916)]","[(16219.32, 0.00083), (16219.67, 0.19334), (16219.72, 0.0015), (16219.81, 0.01256), (16219.84, 0.00171), (16219.85, 0.02056), (16219.88, 0.001), (16219.94, 0.00101), (16219.96, 0.001), (16219.97, 0.005), (16219.98, 0.03641), (16219.99, 0.98865), (16220.0, 1.15166), (16220.01, 0.0026), (16220.05, 0.27554), (16220.06, 0.29548), (16220.11, 0.183), (16220.12, 0.02904), (16220.13, 0.26472), (16220.15, 0.29199)]"
27915237995,1669010088831,1669010088831,"[(16218.87, 0.09191), (16218.86, 0.00069), (16218.69, 0.001), (16218.64, 0.00065), (16218.63, 0.00655), (16218.51, 0.0143), (16218.44, 0.0219), (16218.43, 0.07134), (16218.42, 0.57841), (16218.41, 0.54848), (16218.4, 0.08631), (16218.39, 0.49255), (16218.38, 0.003), (16218.34, 0.1001), (16218.33, 0.10798), (16218.29, 0.00063), (16218.22, 0.02056), (16218.12, 0.10323), (16218.08, 0.06284), (16218.01, 0.01028)]","[(16219.32, 0.00083), (16219.67, 0.07286), (16219.72, 0.0015), (16219.79, 0.02), (16219.81, 0.01256), (16219.84, 0.00171), (16219.85, 0.02056), (16219.88, 0.001), (16219.94, 0.00101), (16219.96, 0.001), (16219.97, 0.005), (16219.98, 0.03641), (16219.99, 0.98865), (16220.0, 1.15166), (16220.01, 0.0026), (16220.05, 0.27554), (16220.06, 0.29548), (16220.11, 0.183), (16220.12, 0.02904), (16220.13, 0.26472)]"
27915238043,1669010088932,1669010088932,"[(16218.9, 0.13184), (16218.89, 0.01831), (16218.87, 0.09191), (16218.86, 0.00069), (16218.69, 0.001), (16218.65, 0.00307), (16218.64, 0.00065), (16218.63, 0.00655), (16218.51, 0.0143), (16218.45, 0.00176), (16218.44, 0.001), (16218.43, 0.07134), (16218.42, 0.57841), (16218.41, 0.54848), (16218.4, 0.08631), (16218.39, 0.49255), (16218.38, 0.003), (16218.34, 0.1001), (16218.33, 0.10798), (16218.29, 0.00063)]","[(16219.49, 0.00337), (16219.65, 0.001), (16219.66, 0.12048), (16219.67, 0.07286), (16219.72, 0.0015), (16219.79, 0.02), (16219.81, 0.01256), (16219.84, 0.00171), (16219.85, 0.02056), (16219.86, 0.001), (16219.88, 0.001), (16219.94, 0.00101), (16219.96, 0.001), (16219.97, 0.005), (16219.98, 0.03641), (16219.99, 1.23769), (16220.0, 1.15166), (16220.01, 0.0026), (16220.04, 0.183), (16220.05, 0.27554)]"
27915238088,1669010089031,1669010089031,"[(16218.94, 0.13184), (16218.93, 0.01831), (16218.87, 0.09191), (16218.86, 0.00069), (16218.69, 0.001), (16218.65, 0.00307), (16218.64, 0.00065), (16218.63, 0.00655), (16218.51, 0.0143), (16218.46, 0.01541), (16218.44, 0.001), (16218.43, 0.03073), (16218.42, 0.51676), (16218.41, 0.54848), (16218.4, 0.08631), (16218.39, 0.49255), (16218.38, 0.003), (16218.34, 0.1001), (16218.29, 0.00063), (16218.22, 0.02056)]","[(16219.67, 0.07286), (16219.72, 0.0015), (16219.79, 0.02), (16219.81, 0.01256), (16219.85, 0.02056), (16219.86, 0.001), (16219.88, 0.001), (16219.96, 0.00271), (16219.97, 0.005), (16219.98, 0.03641), (16219.99, 0.98865), (16220.0, 1.15166), (16220.01, 0.0026), (16220.04, 0.183), (16220.05, 0.27554), (16220.06, 0.29548), (16220.12, 0.02904), (16220.13, 0.26472), (16220.15, 0.26199), (16220.18, 0.00181)]"
27915238131,1669010089132,1669010089132,"[(16218.95, 0.04243), (16218.93, 0.01831), (16218.87, 0.09191), (16218.86, 0.00069), (16218.76, 0.00063), (16218.69, 0.001), (16218.65, 0.00307), (16218.64, 0.00065), (16218.63, 0.00655), (16218.51, 0.0143), (16218.46, 0.01541), (16218.44, 0.001), (16218.43, 0.03073), (16218.42, 0.51676), (16218.41, 0.54848), (16218.4, 0.08631), (16218.39, 0.49255), (16218.38, 0.002), (16218.34, 0.1001), (16218.3, 0.06165)]","[(16219.34, 0.00068), (16219.66, 0.11267), (16219.67, 0.07286), (16219.72, 0.0015), (16219.73, 0.001), (16219.81, 0.01256), (16219.85, 0.02056), (16219.86, 0.001), (16219.88, 0.001), (16219.96, 0.00271), (16219.97, 0.00563), (16219.98, 0.03641), (16219.99, 1.23769), (16220.0, 1.15166), (16220.01, 0.0026), (16220.04, 0.183), (16220.05, 0.27554), (16220.06, 0.29548), (16220.12, 0.02904), (16220.13, 0.26472)]"
27915238276,1669010089232,1669010089232,"[(16218.36, 0.05095), (16218.35, 0.10798), (16218.34, 0.1001), (16218.29, 0.00063), (16218.22, 0.02056), (16218.12, 0.10323), (16218.08, 0.06284), (16218.01, 0.28329), (16218.0, 0.00916), (16217.96, 0.51351), (16217.95, 0.1597), (16217.88, 0.174), (16217.86, 0.01148), (16217.84, 0.15743), (16217.81, 0.00307), (16217.71, 0.00668), (16217.7, 0.04), (16217.54, 0.10348), (16217.53, 0.22887), (16217.36, 0.00869)]","[(16218.95, 0.0011), (16218.97, 0.08067), (16218.98, 0.00077), (16219.23, 0.08), (16219.28, 0.23713), (16219.29, 0.125), (16219.31, 0.15078), (16219.33, 0.183), (16219.66, 0.23414), (16219.67, 0.001), (16219.68, 0.00655), (16219.72, 0.0015), (16219.73, 0.001), (16219.8, 0.08631), (16219.81, 0.01256), (16219.85, 0.06056), (16219.86, 0.001), (16219.88, 0.001), (16219.96, 0.00271), (16219.97, 0.00563)]"
27915238353,1669010089333,1669010089333,"[(16218.39, 0.01366), (16218.38, 0.05072), (16218.37, 0.01255), (16218.35, 0.10798), (16218.29, 0.00063), (16218.22, 0.02056), (16218.12, 0.10323), (16218.08, 0.06284), (16218.01, 0.28329), (16218.0, 0.26998), (16217.96, 0.51351), (16217.86, 0.01148), (16217.85, 0.06303), (16217.84, 0.00793), (16217.81, 0.00307), (16217.79, 0.06165), (16217.71, 0.00668), (16217.7, 0.04), (16217.53, 0.22887), (16217.37, 0.1559)]","[(16218.94, 0.002), (16218.96, 0.09058), (16218.97, 0.08067), (16218.98, 0.00077), (16219.08, 0.02), (16219.17, 0.0143), (16219.21, 0.001), (16219.22, 0.32498), (16219.23, 0.08), (16219.27, 0.001), (16219.28, 0.23713), (16219.29, 0.125), (16219.33, 0.183), (16219.54, 0.00999), (16219.66, 0.23414), (16219.67, 0.001), (16219.68, 0.00655), (16219.72, 0.0015), (16219.73, 0.001), (16219.78, 0.001)]"
27915238389,1669010089433,1669010089433,"[(16218.39, 0.01366), (16218.38, 0.05072), (16218.35, 0.10798), (16218.29, 0.00063), (16218.22, 0.02056), (16218.12, 0.10323), (16218.08, 0.06583), (16218.01, 0.28329), (16218.0, 0.26699), (16217.96, 0.52892), (16217.86, 0.01148), (16217.84, 0.00793), (16217.81, 0.00307), (16217.79, 0.06165), (16217.71, 0.00668), (16217.54, 0.23067), (16217.53, 0.22887), (16217.4, 0.1597), (16217.36, 0.00869), (16217.27, 0.02103)]","[(16218.94, 0.002), (16218.96, 0.09058), (16218.97, 0.08067), (16218.98, 0.00077), (16219.08, 0.02), (16219.1, 0.001), (16219.16, 0.001), (16219.17, 0.0143), (16219.21, 0.001), (16219.22, 0.26525), (16219.23, 0.08), (16219.27, 0.002), (16219.28, 0.23713), (16219.29, 0.126), (16219.33, 0.183), (16219.54, 0.00999), (16219.66, 0.23414), (16219.67, 0.001), (16219.68, 0.00655), (16219.72, 0.0015)]"
27915238417,1669010089533,1669010089533,"[(16218.38, 0.04421), (16218.35, 0.10798), (16218.29, 0.00063), (16218.22, 0.02125), (16218.13, 0.01061), (16218.12, 0.10323), (16218.08, 0.06583), (16218.01, 0.28329), (16218.0, 0.26699), (16217.96, 0.52892), (16217.86, 0.01148), (16217.84, 0.00793), (16217.81, 0.00307), (16217.79, 0.06165), (16217.71, 0.00668), (16217.54, 0.33078), (16217.53, 0.22887), (16217.41, 0.174), (16217.4, 0.3156), (16217.36, 0.00869)]","[(16218.94, 0.002), (16218.96, 0.09058), (16218.97, 0.08067), (16218.98, 0.00077), (16219.08, 0.02), (16219.1, 0.001), (16219.16, 0.001), (16219.17, 0.0143), (16219.19, 0.08712), (16219.21, 0.06073), (16219.22, 0.26525), (16219.23, 0.08), (16219.27, 0.002), (16219.28, 0.23713), (16219.29, 0.126), (16219.33, 0.183), (16219.34, 0.00065), (16219.41, 0.03), (16219.54, 0.00999), (16219.66, 0.23414)]"
27915238441,1669010089634,1669010089634,"[(16218.39, 0.01204), (16218.38, 0.04421), (16218.36, 0.00194), (16218.35, 0.10798), (16218.29, 0.00063), (16218.27, 0.00299), (16218.22, 0.02125), (16218.13, 0.01061), (16218.12, 0.10323), (16218.08, 0.06284), (16218.01, 0.28329), (16218.0, 0.26699), (16217.96, 0.52892), (16217.86, 0.01148), (16217.84, 0.00793), (16217.81, 0.00307), (16217.79, 0.06165), (16217.71, 0.00668), (16217.54, 0.39941), (16217.53, 0.22887)]","[(16218.94, 0.002), (16218.96, 0.16069), (16218.97, 0.08067), (16218.98, 0.00077), (16219.1, 0.001), (16219.16, 0.001), (16219.17, 0.0143), (16219.19, 0.08712), (16219.21, 0.06073), (16219.22, 0.26525), (16219.23, 0.08), (16219.27, 0.002), (16219.28, 0.23713), (16219.29, 0.126), (16219.33, 0.183), (16219.34, 0.00065), (16219.41, 0.03), (16219.54, 0.00999), (16219.66, 0.23414), (16219.67, 0.001)]"
27915238464,1669010089734,1669010089734,"[(16218.38, 0.04421), (16218.36, 0.00194), (16218.35, 0.10798), (16218.29, 0.00063), (16218.27, 0.00299), (16218.22, 0.02125), (16218.13, 0.01061), (16218.12, 0.10323), (16218.08, 0.06284), (16218.01, 0.28329), (16218.0, 0.26699), (16217.96, 0.52892), (16217.86, 0.01148), (16217.84, 0.00793), (16217.81, 0.00307), (16217.79, 0.06165), (16217.71, 0.00668), (16217.54, 0.39941), (16217.53, 0.22887), (16217.4, 0.1597)]","[(16218.92, 0.00607), (16218.93, 0.03906), (16218.94, 0.002), (16218.96, 0.07011), (16218.97, 0.08067), (16218.98, 0.00077), (16218.99, 0.00101), (16219.1, 0.001), (16219.16, 0.001), (16219.17, 0.0143), (16219.19, 0.08712), (16219.21, 0.06073), (16219.22, 0.26525), (16219.23, 0.08), (16219.27, 0.002), (16219.28, 0.23713), (16219.29, 0.126), (16219.33, 0.183), (16219.34, 0.00065), (16219.41, 0.03)]"
27915238486,1669010089836,1669010089836,"[(16218.39, 0.01204), (16218.38, 0.04421), (16218.36, 0.00194), (16218.35, 0.10798), (16218.29, 0.00063), (16218.27, 0.00299), (16218.22, 0.02125), (16218.13, 0.01061), (16218.12, 0.10323), (16218.08, 0.06284), (16218.01, 0.28329), (16218.0, 0.26699), (16217.96, 0.52892), (16217.91, 0.00063), (16217.86, 0.01148), (16217.84, 0.00793), (16217.81, 0.00307), (16217.79, 0.06165), (16217.71, 0.00668), (16217.54, 0.39941)]","[(16218.93, 0.03802), (16218.94, 0.002), (16218.95, 0.09058), (16218.96, 0.12052), (16218.97, 0.08067), (16218.98, 0.00077), (16218.99, 0.00101), (16219.1, 0.001), (16219.16, 0.001), (16219.17, 0.0143), (16219.19, 0.08775), (16219.21, 0.06073), (16219.22, 0.26525), (16219.23, 0.08), (16219.27, 0.002), (16219.28, 0.23713), (16219.29, 0.126), (16219.33, 0.183), (16219.34, 0.00065), (16219.41, 0.03)]"
27915238503,1669010089934,1669010089934,"[(16218.39, 0.01204), (16218.38, 0.04421), (16218.36, 0.00194), (16218.29, 0.00063), (16218.27, 0.00299), (16218.22, 0.02125), (16218.13, 0.01061), (16218.12, 0.10323), (16218.08, 0.06284), (16218.01, 0.28329), (16218.0, 0.26699), (16217.96, 0.52892), (16217.91, 0.00063), (16217.86, 0.01148), (16217.84, 0.00793), (16217.81, 0.00307), (16217.79, 0.06165), (16217.71, 0.00668), (16217.54, 0.47059), (16217.53, 0.22887)]","[(16218.93, 0.03802), (16218.94, 0.002), (16218.95, 0.09058), (16218.96, 0.12052), (16218.97, 0.08067), (16218.98, 0.00077), (16218.99, 0.00101), (16219.1, 0.001), (16219.16, 0.001), (16219.17, 0.0143), (16219.19, 0.08775), (16219.21, 0.06073), (16219.22, 0.26525), (16219.23, 0.08), (16219.27, 0.002), (16219.28, 0.23713), (16219.29, 0.126), (16219.33, 0.183), (16219.34, 0.00065), (16219.41, 0.03)]"
27915238523,1669010090034,1669010090034,"[(16218.4, 0.001), (16218.38, 0.04421), (16218.29, 0.00063), (16218.27, 0.00299), (16218.24, 0.001), (16218.22, 0.02125), (16218.14, 0.001), (16218.13, 0.01061), (16218.12, 0.10323), (16218.08, 0.06284), (16218.01, 0.28329), (16218.0, 0.26699), (16217.96, 0.52892), (16217.91, 0.00063), (16217.86, 0.01148), (16217.85, 0.01541), (16217.84, 0.00793), (16217.81, 0.00307), (16217.79, 0.06165), (16217.71, 0.00668)]","[(16218.92, 0.00607), (16218.93, 0.03802), (16218.94, 0.002), (16218.95, 0.09058), (16218.96, 0.12052), (16218.97, 0.08067), (16218.98, 0.00077), (16219.1, 0.001), (16219.16, 0.001), (16219.17, 0.0143), (16219.19, 0.08775), (16219.21, 0.06073), (16219.22, 0.26525), (16219.23, 0.08), (16219.27, 0.002), (16219.28, 0.23713), (16219.29, 0.126), (16219.33, 0.183), (16219.34, 0.00065), (16219.41, 0.03)]"
27915238571,1669010090134,1669010090134,"[(16218.6, 0.02717), (16218.44, 0.0156), (16218.43, 0.1306), (16218.4, 0.001), (16218.35, 0.00125), (16218.29, 0.00063), (16218.27, 0.00299), (16218.24, 0.001), (16218.22, 0.02125), (16218.14, 0.001), (16218.13, 0.01061), (16218.12, 0.10323), (16218.08, 0.06284), (16218.01, 0.28329), (16218.0, 0.26699), (16217.96, 0.52892), (16217.91, 0.00063), (16217.86, 0.01148), (16217.85, 0.01541), (16217.84, 0.00793)]","[(16218.93, 0.01931), (16218.94, 0.002), (16218.96, 0.12052), (16218.97, 0.08067), (16219.17, 0.0143), (16219.19, 0.00063), (16219.21, 0.05973), (16219.22, 0.26525), (16219.23, 0.08), (16219.27, 0.002), (16219.28, 0.23713), (16219.29, 0.101), (16219.33, 0.183), (16219.34, 0.00065), (16219.37, 0.03), (16219.41, 0.03), (16219.54, 0.00999), (16219.66, 0.23414), (16219.68, 0.00655), (16219.72, 0.0015)]"
27915238718,1669010090234,1669010090234,"[(16218.14, 0.00675), (16217.94, 0.00065), (16217.91, 0.00063), (16217.86, 0.01148), (16217.84, 0.001), (16217.81, 0.00307), (16217.79, 0.06165), (16217.74, 0.00999), (16217.64, 0.174), (16217.63, 0.01571), (16217.62, 0.03142), (16217.61, 0.23164), (16217.6, 0.1495), (16217.55, 0.23623), (16217.54, 0.20809), (16217.53, 0.22887), (16217.42, 0.1382), (16217.4, 0.1597), (16217.39, 0.00636), (16217.36, 0.00869)]","[(16218.48, 0.0181), (16218.49, 0.09314), (16218.5, 0.08067), (16218.52, 0.00651), (16218.91, 0.03779), (16218.93, 0.01931), (16218.94, 0.002), (16218.96, 0.09011), (16218.97, 0.03833), (16218.99, 0.025), (16219.01, 0.02056), (16219.17, 0.02601), (16219.19, 0.00063), (16219.21, 0.12801), (16219.22, 0.09485), (16219.23, 0.08), (16219.24, 0.00687), (16219.27, 0.22969), (16219.28, 0.25703), (16219.29, 0.101)]"
27915238805,1669010090334,1669010090334,"[(16217.94, 0.00065), (16217.91, 0.00063), (16217.87, 0.06093), (16217.86, 0.01148), (16217.84, 0.001), (16217.81, 0.00307), (16217.79, 0.06165), (16217.74, 0.00999), (16217.63, 0.01571), (16217.62, 0.03142), (16217.54, 0.10798), (16217.42, 0.1382), (16217.4, 0.1597), (16217.39, 0.00636), (16217.36, 0.00869), (16217.27, 0.03674), (16217.21, 0.01028), (16217.15, 0.1559), (16217.14, 0.1622), (16217.09, 0.03833)]","[(16218.45, 0.0181), (16218.46, 0.07409), (16218.47, 0.08189), (16218.5, 0.08067), (16218.52, 0.00651), (16218.8, 0.00999), (16218.84, 0.00999), (16218.9, 0.02545), (16218.91, 0.03779), (16218.93, 0.01931), (16218.94, 0.001), (16218.95, 0.0143), (16218.96, 0.09011), (16218.97, 0.03833), (16218.99, 0.025), (16219.0, 0.28006), (16219.01, 0.02056), (16219.11, 0.02), (16219.17, 0.02601), (16219.19, 0.00163)]"
27915238876,1669010090434,1669010090434,"[(16217.86, 0.00605), (16217.84, 0.001), (16217.81, 0.00307), (16217.79, 0.06165), (16217.74, 0.00999), (16217.63, 0.01571), (16217.62, 0.03142), (16217.54, 0.10798), (16217.43, 0.00063), (16217.42, 0.21598), (16217.39, 0.00636), (16217.36, 0.00869), (16217.27, 0.03674), (16217.21, 0.01028), (16217.09, 0.03833), (16217.05, 0.00307), (16217.03, 0.22887), (16217.0, 0.00617), (16216.95, 0.1716), (16216.93, 0.00659)]","[(16217.87, 2e-5), (16218.11, 0.01361), (16218.12, 0.00066), (16218.45, 0.0181), (16218.46, 0.07409), (16218.47, 0.002), (16218.5, 0.08067), (16218.52, 0.00651), (16218.71, 0.00063), (16218.8, 0.01643), (16218.84, 0.00999), (16218.85, 0.001), (16218.89, 0.001), (16218.93, 0.01931), (16218.94, 0.006), (16218.95, 0.0153), (16218.96, 0.09011), (16218.97, 0.03833), (16218.99, 0.13707), (16219.0, 0.28006)]"
27915238923,1669010090534,1669010090534,"[(16217.86, 0.00689), (16217.84, 0.001), (16217.81, 0.00307), (16217.79, 0.06165), (16217.74, 0.00999), (16217.63, 0.01571), (16217.62, 0.03142), (16217.58, 0.00069), (16217.54, 0.10798), (16217.43, 0.00063), (16217.39, 0.00636), (16217.36, 0.00869), (16217.27, 0.03674), (16217.21, 0.01028), (16217.09, 0.03833), (16217.08, 0.00063), (16217.05, 0.00307), (16217.04, 0.0916), (16217.03, 0.22887), (16217.0, 0.00617)]","[(16218.44, 0.03042), (16218.47, 0.002), (16218.5, 0.08067), (16218.52, 0.00651), (16218.7, 0.00998), (16218.71, 0.00063), (16218.8, 0.01643), (16218.84, 0.00999), (16218.85, 0.001), (16218.89, 0.001), (16218.92, 0.02545), (16218.93, 0.02024), (16218.94, 0.006), (16218.95, 0.0153), (16218.96, 0.09011), (16218.97, 0.04832), (16218.99, 0.46267), (16219.0, 0.28623), (16219.01, 0.02056), (16219.11, 0.02)]"
27915238972,1669010090635,1669010090635,"[(16217.86, 0.00689), (16217.84, 0.001), (16217.81, 0.00307), (16217.8, 0.03085), (16217.79, 0.06165), (16217.74, 0.00999), (16217.63, 0.01571), (16217.62, 0.03142), (16217.58, 0.00069), (16217.54, 0.10798), (16217.44, 0.2821), (16217.43, 0.00063), (16217.39, 0.00636), (16217.36, 0.00869), (16217.27, 0.03674), (16217.21, 0.01028), (16217.09, 0.03833), (16217.08, 0.00063), (16217.05, 0.00307), (16217.04, 0.0916)]","[(16218.06, 0.00077), (16218.42, 0.08251), (16218.47, 0.002), (16218.5, 0.08067), (16218.52, 0.00651), (16218.61, 0.001), (16218.7, 0.00998), (16218.71, 0.00063), (16218.8, 0.01643), (16218.84, 0.00999), (16218.85, 0.001), (16218.89, 0.001), (16218.91, 0.001), (16218.93, 0.02024), (16218.94, 0.006), (16218.95, 0.0153), (16218.96, 0.09011), (16218.97, 0.04932), (16218.98, 0.001), (16218.99, 0.11207)]"
27915239043,1669010090735,1669010090735,"[(16217.82, 0.0709), (16217.81, 0.05611), (16217.8, 0.1515), (16217.79, 0.03661), (16217.74, 0.00999), (16217.63, 0.01571), (16217.62, 0.03142), (16217.58, 0.00069), (16217.54, 0.10798), (16217.44, 0.2821), (16217.43, 0.00063), (16217.39, 0.00636), (16217.36, 0.00869), (16217.27, 0.03674), (16217.21, 0.01028), (16217.09, 0.03833), (16217.08, 0.00063), (16217.05, 0.00307), (16217.0, 0.00617), (16216.93, 0.00659)]","[(16218.93, 0.00064), (16218.94, 0.11311), (16218.95, 0.00063), (16218.96, 0.09011), (16218.97, 0.04932), (16218.98, 0.001), (16218.99, 0.45863), (16219.0, 0.28623), (16219.01, 0.02056), (16219.03, 0.19011), (16219.11, 0.01571), (16219.15, 0.00999), (16219.17, 0.02601), (16219.19, 0.00763), (16219.21, 0.12801), (16219.23, 0.08), (16219.27, 0.22769), (16219.28, 0.25703), (16219.29, 0.1), (16219.3, 0.00998)]"
27915239114,1669010090837,1669010090837,"[(16217.91, 0.1306), (16217.9, 0.05611), (16217.85, 0.03085), (16217.83, 0.0143), (16217.79, 0.03661), (16217.74, 0.00999), (16217.63, 0.01571), (16217.62, 0.03142), (16217.44, 0.2821), (16217.43, 0.00063), (16217.39, 0.00636), (16217.36, 0.00869), (16217.27, 0.03674), (16217.21, 0.01028), (16217.09, 0.03833), (16217.05, 0.00307), (16217.0, 0.00617), (16216.93, 0.00659), (16216.9, 0.00141), (16216.89, 0.00637)]","[(16218.86, 0.00069), (16218.89, 0.09877), (16218.9, 0.07763), (16218.92, 0.03079), (16218.95, 0.00063), (16218.96, 0.09011), (16218.97, 0.04932), (16218.98, 0.001), (16218.99, 0.54362), (16219.0, 0.28623), (16219.01, 0.02056), (16219.03, 0.01571), (16219.11, 0.01571), (16219.12, 0.05041), (16219.15, 0.00999), (16219.17, 0.02601), (16219.19, 0.00763), (16219.21, 0.12801), (16219.23, 0.08), (16219.27, 0.22769)]"
27915239155,1669010090936,1669010090936,"[(16217.93, 0.1306), (16217.92, 0.05102), (16217.79, 0.03661), (16217.74, 0.00999), (16217.63, 0.01571), (16217.62, 0.03142), (16217.44, 0.2821), (16217.43, 0.00063), (16217.39, 0.00636), (16217.36, 0.00869), (16217.27, 0.03674), (16217.21, 0.01028), (16217.09, 0.03833), (16217.05, 0.00307), (16217.0, 0.00617), (16216.93, 0.00659), (16216.92, 0.174), (16216.91, 0.1559), (16216.9, 0.00141), (16216.89, 0.00637)]","[(16218.76, 0.11341), (16218.77, 0.001), (16218.84, 0.52987), (16218.86, 0.00169), (16218.88, 0.0181), (16218.89, 0.08067), (16218.95, 0.00063), (16218.96, 0.09011), (16218.97, 0.04932), (16218.98, 0.001), (16218.99, 0.54362), (16219.0, 0.28623), (16219.01, 0.02056), (16219.03, 0.01571), (16219.11, 0.01571), (16219.12, 0.05041), (16219.15, 0.00999), (16219.17, 0.02601), (16219.19, 0.00763), (16219.21, 0.12801)]"
27915239200,1669010091036,1669010091036,"[(16217.74, 0.0078), (16217.63, 0.01571), (16217.62, 0.03142), (16217.39, 0.00636), (16217.36, 0.00869), (16217.27, 0.03674), (16217.21, 0.01028), (16217.09, 0.27565), (16217.05, 0.00307), (16217.0, 0.00617), (16216.93, 0.00659), (16216.9, 0.00141), (16216.89, 0.00637), (16216.88, 0.27791), (16216.87, 0.1597), (16216.83, 0.1), (16216.76, 0.05), (16216.69, 0.00669), (16216.6, 0.22887), (16216.52, 0.01256)]","[(16218.05, 0.00064), (16218.38, 0.0181), (16218.41, 0.00063), (16218.74, 0.03079), (16218.77, 0.001), (16218.84, 0.52987), (16218.86, 0.001), (16218.88, 0.001), (16218.89, 0.08067), (16218.93, 0.00063), (16218.95, 0.00063), (16218.96, 0.09011), (16218.97, 0.04932), (16218.98, 0.001), (16218.99, 0.54362), (16219.0, 0.28623), (16219.01, 0.02056), (16219.03, 0.01571), (16219.11, 0.01571), (16219.12, 0.05041)]"
27915239427,1669010091136,1669010091136,"[(16216.34, 0.0014), (16216.33, 0.00376), (16216.32, 0.001), (16216.25, 0.02057), (16216.17, 0.10799), (16216.07, 0.001), (16216.0, 0.01694), (16215.93, 0.01897), (16215.92, 0.04728), (16215.82, 0.03834), (16215.81, 0.19997), (16215.8, 0.10012), (16215.79, 0.01941), (16215.76, 0.0179), (16215.75, 0.01), (16215.73, 0.05), (16215.59, 0.22057), (16215.53, 0.00982), (16215.51, 0.09), (16215.44, 0.11478)]","[(16216.6, 0.0181), (16217.29, 0.05), (16217.31, 0.03833), (16217.59, 0.02), (16217.61, 0.2059), (16217.62, 0.05612), (16217.81, 0.00681), (16217.88, 0.08712), (16217.91, 0.00572), (16218.05, 0.00064), (16218.18, 0.02056), (16218.23, 0.025), (16218.26, 0.02599), (16218.3, 0.03), (16218.34, 0.04), (16218.37, 0.57981), (16218.38, 0.05491), (16218.54, 0.03779), (16218.55, 0.02106), (16218.7, 0.06044)]"
27915239614,1669010091236,1669010091236,"[(16216.54, 0.04164), (16216.53, 0.0181), (16216.52, 0.01691), (16216.34, 0.0014), (16216.32, 0.001), (16216.25, 0.02057), (16216.17, 0.10799), (16216.07, 0.001), (16216.01, 0.00658), (16216.0, 0.01694), (16215.93, 0.01897), (16215.92, 0.04728), (16215.83, 0.001), (16215.81, 0.19997), (16215.76, 0.0179), (16215.75, 0.01), (16215.73, 0.05), (16215.59, 0.22057), (16215.53, 0.00982), (16215.51, 0.1556)]","[(16217.24, 0.05612), (16217.25, 0.04621), (16217.26, 0.05393), (16217.31, 0.03833), (16217.32, 0.02601), (16217.58, 0.00579), (16217.59, 0.021), (16217.63, 0.04356), (16217.68, 0.0067), (16217.74, 0.01671), (16217.8, 0.00661), (16217.88, 0.08712), (16217.91, 0.00572), (16218.01, 0.04), (16218.05, 0.03705), (16218.23, 0.25387), (16218.26, 0.3158), (16218.36, 0.24978), (16218.37, 0.57981), (16218.69, 0.11925)]"
27915239716,1669010091336,1669010091336,"[(16216.61, 0.12189), (16216.6, 0.06812), (16216.59, 0.07678), (16216.54, 0.04294), (16216.43, 0.0143), (16216.34, 0.0014), (16216.32, 0.001), (16216.25, 0.02057), (16216.17, 0.10799), (16216.07, 0.001), (16216.01, 0.00658), (16216.0, 0.01694), (16215.93, 0.01897), (16215.92, 0.04728), (16215.83, 0.001), (16215.81, 0.0883), (16215.75, 0.01), (16215.73, 0.05), (16215.59, 0.22057), (16215.53, 0.00982)]","[(16217.29, 0.04561), (16217.31, 0.03758), (16217.32, 0.02601), (16217.58, 0.00579), (16217.59, 0.02), (16217.68, 0.0067), (16217.7, 0.02), (16217.74, 0.03242), (16217.8, 0.00661), (16217.84, 0.09999), (16217.91, 0.00572), (16218.01, 0.04), (16218.05, 0.03641), (16218.22, 0.50011), (16218.23, 0.22887), (16218.26, 0.1599), (16218.37, 0.57981), (16218.72, 0.001), (16218.77, 0.001), (16218.82, 0.00675)]"
27915239782,1669010091436,1669010091436,"[(16217.24, 0.00065), (16217.19, 0.00697), (16216.94, 0.00069), (16216.63, 0.03501), (16216.62, 0.14503), (16216.61, 0.10379), (16216.5, 0.00307), (16216.45, 0.06166), (16216.43, 0.0143), (16216.34, 0.0014), (16216.32, 0.001), (16216.25, 0.02057), (16216.17, 0.27019), (16216.07, 0.001), (16216.01, 0.00658), (16216.0, 0.01694), (16215.92, 0.04828), (16215.83, 0.001), (16215.82, 0.01897), (16215.81, 0.0883)]","[(16217.31, 0.03683), (16217.32, 0.02601), (16217.34, 0.00337), (16217.56, 0.001), (16217.58, 0.00579), (16217.59, 0.02), (16217.7, 0.02), (16217.74, 0.03242), (16217.82, 0.06266), (16217.84, 0.09999), (16217.85, 0.2), (16217.91, 0.00572), (16218.0, 0.00617), (16218.01, 0.04), (16218.05, 0.03641), (16218.16, 0.01542), (16218.22, 0.45984), (16218.23, 0.22887), (16218.26, 0.1599), (16218.37, 0.57981)]"
27915239839,1669010091536,1669010091536,"[(16216.94, 0.00069), (16216.63, 0.02729), (16216.62, 0.14503), (16216.61, 0.10379), (16216.5, 0.00307), (16216.45, 0.06166), (16216.43, 0.0143), (16216.34, 0.0014), (16216.32, 0.001), (16216.25, 0.02057), (16216.18, 0.10807), (16216.17, 0.10799), (16216.07, 0.001), (16216.01, 0.00658), (16216.0, 0.01694), (16215.92, 0.04828), (16215.83, 0.001), (16215.82, 0.01897), (16215.75, 0.01), (16215.73, 0.05)]","[(16217.32, 0.02601), (16217.34, 0.00337), (16217.56, 0.001), (16217.58, 0.00579), (16217.59, 0.02), (16217.7, 0.02), (16217.74, 0.03242), (16217.82, 0.06266), (16217.84, 0.09999), (16217.85, 0.2), (16217.91, 0.00572), (16217.99, 0.001), (16218.0, 0.00617), (16218.01, 0.04), (16218.05, 0.03641), (16218.1, 0.00676), (16218.16, 0.01542), (16218.22, 0.45984), (16218.23, 0.22887), (16218.26, 0.1599)]"
27915239903,1669010091636,1669010091636,"[(16217.23, 0.10379), (16217.22, 0.00695), (16217.03, 0.08194), (16216.94, 0.00069), (16216.62, 0.14503), (16216.56, 0.00063), (16216.5, 0.00307), (16216.45, 0.06166), (16216.43, 0.0143), (16216.34, 0.0014), (16216.32, 0.001), (16216.25, 0.02057), (16216.23, 0.174), (16216.2, 0.1622), (16216.17, 0.10799), (16216.07, 0.001), (16216.01, 0.00658), (16216.0, 0.01694), (16215.92, 0.04828), (16215.83, 0.001)]","[(16217.34, 0.00337), (16217.56, 0.001), (16217.57, 0.001), (16217.58, 0.00579), (16217.59, 0.02), (16217.66, 0.00063), (16217.74, 0.03242), (16217.78, 0.00999), (16217.79, 0.00999), (16217.82, 0.06266), (16217.84, 0.09999), (16217.85, 0.2), (16217.91, 0.00572), (16217.97, 0.00999), (16217.99, 0.001), (16218.0, 0.00617), (16218.05, 0.03641), (16218.06, 0.03142), (16218.07, 0.03084), (16218.1, 0.00676)]"
27915239961,1669010091737,1669010091737,"[(16217.33, 0.07604), (16217.32, 0.08054), (16217.22, 0.00695), (16216.94, 0.00069), (16216.62, 0.0209), (16216.56, 0.00063), (16216.5, 0.00307), (16216.45, 0.06166), (16216.43, 0.0143), (16216.34, 0.0014), (16216.32, 0.001), (16216.25, 0.02057), (16216.24, 0.13451), (16216.23, 0.1556), (16216.07, 0.001), (16216.01, 0.00658), (16216.0, 0.01694), (16215.92, 0.04828), (16215.83, 0.001), (16215.82, 0.01897)]","[(16217.56, 0.001), (16217.57, 0.001), (16217.58, 0.00579), (16217.59, 0.02), (16217.66, 0.00063), (16217.74, 0.03242), (16217.78, 0.00999), (16217.79, 0.00999), (16217.82, 0.001), (16217.84, 0.09999), (16217.85, 0.2), (16217.91, 0.00572), (16217.97, 0.00999), (16217.99, 0.001), (16218.0, 0.00617), (16218.05, 0.03641), (16218.06, 0.03142), (16218.07, 0.03084), (16218.1, 0.00676), (16218.22, 0.45984)]"
27915240020,1669010091837,1669010091837,"[(16217.22, 0.00695), (16216.94, 0.00069), (16216.56, 0.00063), (16216.51, 0.03825), (16216.5, 0.00307), (16216.46, 0.02935), (16216.45, 0.06166), (16216.43, 0.0143), (16216.34, 0.1636), (16216.32, 0.001), (16216.25, 0.02057), (16216.24, 0.06229), (16216.07, 0.001), (16216.01, 0.00658), (16216.0, 0.01694), (16215.92, 0.04828), (16215.84, 0.001), (16215.83, 0.001), (16215.8, 0.01571), (16215.75, 0.01)]","[(16217.56, 0.0105), (16217.57, 0.001), (16217.58, 0.00579), (16217.59, 0.02), (16217.66, 0.00063), (16217.74, 0.03242), (16217.78, 0.00999), (16217.79, 0.00999), (16217.82, 0.001), (16217.84, 0.09999), (16217.85, 0.2), (16217.91, 0.00572), (16217.94, 0.00065), (16217.97, 0.00999), (16217.99, 0.001), (16218.0, 0.00617), (16218.05, 0.03641), (16218.06, 0.03142), (16218.07, 0.03084), (16218.1, 0.00676)]"
27915240042,1669010091938,1669010091938,"[(16217.22, 0.00695), (16216.94, 0.00069), (16216.56, 0.00063), (16216.52, 0.01691), (16216.51, 0.03825), (16216.5, 0.00307), (16216.47, 0.001), (16216.46, 0.02935), (16216.45, 0.06166), (16216.43, 0.0143), (16216.35, 0.07412), (16216.34, 0.0014), (16216.32, 0.001), (16216.25, 0.02057), (16216.07, 0.001), (16216.01, 0.00658), (16216.0, 0.01694), (16215.94, 0.001), (16215.92, 0.04828), (16215.84, 0.001)]","[(16217.56, 0.0105), (16217.57, 0.001), (16217.58, 0.00579), (16217.59, 0.02), (16217.66, 0.00063), (16217.74, 0.03242), (16217.78, 0.00999), (16217.79, 0.00999), (16217.82, 0.001), (16217.84, 0.09999), (16217.85, 0.2), (16217.91, 0.00572), (16217.94, 0.00065), (16217.97, 0.00999), (16217.99, 0.001), (16218.0, 0.00617), (16218.05, 0.03641), (16218.06, 0.03142), (16218.07, 0.03084), (16218.1, 0.00676)]"
27915240057,1669010092038,1669010092038,"[(16217.22, 0.00695), (16216.94, 0.00069), (16216.56, 0.00063), (16216.52, 0.00919), (16216.51, 0.03825), (16216.5, 0.00307), (16216.47, 0.001), (16216.46, 0.03035), (16216.43, 0.0143), (16216.34, 0.0014), (16216.32, 0.001), (16216.25, 0.02057), (16216.2, 0.1622), (16216.11, 0.001), (16216.07, 0.001), (16216.01, 0.00658), (16216.0, 0.01694), (16215.95, 0.001), (16215.94, 0.001), (16215.92, 0.04828)]","[(16217.56, 0.0105), (16217.57, 0.001), (16217.58, 0.00579), (16217.59, 0.02), (16217.66, 0.00063), (16217.74, 0.03242), (16217.78, 0.00999), (16217.79, 0.00999), (16217.82, 0.001), (16217.84, 0.09999), (16217.85, 0.2), (16217.91, 0.00572), (16217.94, 0.00065), (16217.97, 0.00999), (16217.99, 0.001), (16218.0, 0.00617), (16218.05, 0.03641), (16218.06, 0.03142), (16218.07, 0.03084), (16218.1, 0.00676)]"
27915240088,1669010092138,1669010092138,"[(16217.22, 0.00695), (16216.94, 0.00069), (16216.56, 0.00063), (16216.53, 0.06473), (16216.52, 0.00919), (16216.51, 0.03825), (16216.5, 0.00307), (16216.47, 0.001), (16216.46, 0.03035), (16216.44, 0.02935), (16216.43, 0.0143), (16216.34, 0.0014), (16216.32, 0.001), (16216.25, 0.02057), (16216.23, 0.174), (16216.22, 0.1556), (16216.21, 0.06495), (16216.11, 0.001), (16216.07, 0.001), (16216.01, 0.00658)]","[(16217.56, 0.0105), (16217.57, 0.001), (16217.58, 0.00579), (16217.59, 0.02), (16217.66, 0.00063), (16217.74, 0.03242), (16217.78, 0.00999), (16217.79, 0.00999), (16217.82, 0.001), (16217.83, 0.04027), (16217.84, 0.09999), (16217.85, 0.2), (16217.91, 0.00572), (16217.94, 0.00065), (16217.97, 0.00999), (16217.99, 0.001), (16218.0, 0.00617), (16218.05, 0.03641), (16218.06, 0.03142), (16218.07, 0.03084)]"
27915240125,1669010092238,1669010092238,"[(16217.22, 0.00695), (16216.94, 0.00069), (16216.69, 0.00063), (16216.54, 0.25545), (16216.53, 0.06473), (16216.51, 0.0209), (16216.5, 0.00307), (16216.47, 0.001), (16216.46, 0.03035), (16216.44, 0.02935), (16216.43, 0.0143), (16216.39, 0.00376), (16216.34, 0.0014), (16216.32, 0.001), (16216.25, 0.02057), (16216.2, 0.1622), (16216.11, 0.001), (16216.07, 0.001), (16216.01, 0.00658), (16216.0, 0.01694)]","[(16217.56, 0.0105), (16217.57, 0.001), (16217.58, 0.00579), (16217.59, 0.02), (16217.74, 0.03242), (16217.78, 0.00999), (16217.79, 0.00999), (16217.82, 0.001), (16217.84, 0.09999), (16217.85, 0.2), (16217.91, 0.00572), (16217.94, 0.00065), (16217.97, 0.00999), (16217.99, 0.001), (16218.0, 0.00617), (16218.05, 0.03641), (16218.06, 0.03205), (16218.07, 0.03084), (16218.1, 0.00676), (16218.22, 0.45984)]"
27915240148,1669010092338,1669010092338,"[(16217.22, 0.00695), (16216.94, 0.00069), (16216.69, 0.00063), (16216.55, 0.00919), (16216.54, 0.11451), (16216.5, 0.00307), (16216.47, 0.001), (16216.46, 0.001), (16216.43, 0.0143), (16216.39, 0.00376), (16216.34, 0.0014), (16216.32, 0.001), (16216.25, 0.02057), (16216.11, 0.001), (16216.07, 0.001), (16216.01, 0.00658), (16216.0, 0.01694), (16215.95, 0.001), (16215.94, 0.001), (16215.92, 0.04828)]","[(16217.56, 0.0105), (16217.57, 0.001), (16217.58, 0.00579), (16217.59, 0.02), (16217.72, 0.001), (16217.74, 0.03242), (16217.78, 0.00999), (16217.79, 0.00999), (16217.82, 0.001), (16217.84, 0.09999), (16217.85, 0.2), (16217.91, 0.00572), (16217.94, 0.00065), (16217.97, 0.00999), (16217.99, 0.001), (16218.0, 0.00617), (16218.05, 0.03641), (16218.06, 0.03205), (16218.07, 0.03084), (16218.1, 0.00676)]"
27915240173,1669010092438,1669010092438,"[(16217.22, 0.00695), (16216.94, 0.00069), (16216.69, 0.00063), (16216.56, 0.06473), (16216.55, 0.00919), (16216.54, 0.03825), (16216.5, 0.00307), (16216.47, 0.001), (16216.46, 0.001), (16216.43, 0.0143), (16216.39, 0.00376), (16216.34, 0.0014), (16216.32, 0.001), (16216.25, 0.02057), (16216.2, 0.1622), (16216.11, 0.001), (16216.07, 0.001), (16216.02, 0.001), (16216.01, 0.00658), (16216.0, 0.01694)]","[(16217.56, 0.0095), (16217.57, 0.001), (16217.58, 0.00579), (16217.59, 0.02), (16217.72, 0.001), (16217.74, 0.03242), (16217.78, 0.00999), (16217.79, 0.00999), (16217.84, 0.09999), (16217.85, 0.2), (16217.91, 0.00572), (16217.94, 0.00065), (16217.97, 0.00999), (16217.99, 0.001), (16218.0, 0.00617), (16218.05, 0.03641), (16218.06, 0.03205), (16218.07, 0.03084), (16218.1, 0.00676), (16218.22, 0.45984)]"
27915240269,1669010092538,1669010092538,"[(16217.25, 0.07443), (16217.24, 0.01735), (16217.22, 0.00695), (16216.97, 0.01571), (16216.91, 0.00687), (16216.69, 0.00063), (16216.63, 0.02599), (16216.59, 0.01028), (16216.57, 0.0209), (16216.56, 0.08044), (16216.54, 0.0209), (16216.5, 0.00307), (16216.48, 0.01571), (16216.47, 0.001), (16216.46, 0.001), (16216.43, 0.0143), (16216.39, 0.00376), (16216.34, 0.0014), (16216.32, 0.001), (16216.25, 0.02057)]","[(16217.89, 0.00067), (16218.1, 0.03741), (16218.2, 0.04486), (16218.21, 0.08067), (16218.23, 0.22887), (16218.29, 0.00063), (16218.36, 0.50384), (16218.37, 0.33391), (16218.43, 0.06166), (16218.45, 0.05741), (16218.46, 0.01028), (16218.54, 0.05716), (16218.55, 0.33761), (16218.57, 0.1495), (16218.59, 0.00694), (16218.62, 0.01571), (16218.65, 0.04), (16218.84, 0.52887), (16218.85, 0.00299), (16218.96, 0.09591)]"
27915240342,1669010092639,1669010092639,"[(16217.34, 0.01735), (16217.33, 0.07443), (16217.32, 0.01735), (16217.28, 0.04783), (16217.22, 0.00695), (16217.08, 0.0143), (16216.97, 0.01571), (16216.91, 0.00687), (16216.69, 0.00063), (16216.63, 0.02599), (16216.59, 0.01028), (16216.56, 0.01571), (16216.5, 0.00307), (16216.48, 0.01571), (16216.47, 0.001), (16216.46, 0.001), (16216.42, 0.00672), (16216.39, 0.00376), (16216.34, 0.0014), (16216.32, 0.001)]","[(16217.89, 0.00067), (16218.2, 0.00496), (16218.21, 0.08167), (16218.23, 0.22887), (16218.24, 0.01542), (16218.29, 0.00063), (16218.36, 0.50384), (16218.37, 0.33391), (16218.45, 0.05741), (16218.46, 0.02056), (16218.53, 0.23905), (16218.54, 0.00784), (16218.55, 0.00631), (16218.59, 0.00694), (16218.62, 0.01571), (16218.65, 0.04), (16218.72, 0.00299), (16218.83, 0.04932), (16218.84, 0.52887), (16218.88, 0.1599)]"
27915240391,1669010092738,1669010092738,"[(16217.79, 0.00673), (16217.38, 0.03825), (16217.37, 0.07443), (16217.08, 0.0143), (16216.97, 0.01571), (16216.93, 0.02615), (16216.91, 0.00687), (16216.69, 0.00063), (16216.63, 0.02599), (16216.6, 0.06166), (16216.59, 0.01028), (16216.56, 0.01571), (16216.5, 0.00307), (16216.48, 0.01571), (16216.47, 0.001), (16216.46, 0.001), (16216.44, 0.00739), (16216.42, 0.00672), (16216.39, 0.00376), (16216.37, 0.174)]","[(16217.89, 0.00067), (16218.19, 0.001), (16218.2, 0.00496), (16218.21, 0.08167), (16218.22, 0.00069), (16218.23, 0.22887), (16218.24, 0.01542), (16218.26, 0.06166), (16218.29, 0.00063), (16218.34, 0.001), (16218.36, 0.4748), (16218.37, 0.33391), (16218.45, 0.05741), (16218.46, 0.02056), (16218.53, 0.23905), (16218.54, 0.00784), (16218.55, 0.00631), (16218.59, 0.00694), (16218.62, 0.01571), (16218.65, 0.04)]"
27915240439,1669010092839,1669010092839,"[(16217.39, 0.07443), (16217.38, 0.03825), (16217.24, 0.00065), (16217.15, 0.00063), (16217.08, 0.0143), (16216.97, 0.01571), (16216.93, 0.02615), (16216.91, 0.00687), (16216.79, 0.3178), (16216.64, 0.04783), (16216.63, 0.02599), (16216.6, 0.06166), (16216.59, 0.01028), (16216.56, 0.01571), (16216.5, 0.00307), (16216.48, 0.01571), (16216.47, 0.001), (16216.46, 0.001), (16216.44, 0.00739), (16216.42, 0.00672)]","[(16217.84, 0.02), (16217.86, 0.04), (16217.88, 0.12332), (16217.89, 0.00067), (16218.04, 0.001), (16218.19, 0.001), (16218.21, 0.08367), (16218.22, 0.00069), (16218.23, 0.22887), (16218.24, 0.01542), (16218.26, 0.06166), (16218.29, 0.00063), (16218.34, 0.001), (16218.37, 0.33391), (16218.45, 0.05741), (16218.46, 0.02056), (16218.52, 0.00063), (16218.53, 0.23905), (16218.54, 0.00784), (16218.55, 0.00631)]"
27915240606,1669010092939,1669010092939,"[(16218.47, 0.04), (16218.46, 0.04), (16218.43, 0.05), (16218.07, 0.01735), (16217.91, 0.10157), (16217.9, 0.18366), (16217.67, 0.22887), (16217.55, 0.00266), (16217.15, 0.00063), (16217.08, 0.0143), (16217.0, 0.00617), (16216.93, 0.02615), (16216.91, 0.09318), (16216.8, 0.19928), (16216.6, 0.06166), (16216.5, 0.00307), (16216.46, 0.001), (16216.44, 0.00739), (16216.42, 0.00672), (16216.41, 0.174)]","[(16218.84, 0.03484), (16218.85, 0.1716), (16218.87, 0.19882), (16218.88, 0.1599), (16218.96, 0.29591), (16218.98, 0.00625), (16219.0, 0.01225), (16219.02, 0.00771), (16219.2, 0.23492), (16219.21, 0.08631), (16219.31, 0.24904), (16219.33, 0.04), (16219.37, 0.183), (16219.5, 0.09), (16219.56, 0.05041), (16219.65, 0.00171), (16219.66, 0.06781), (16219.81, 0.01825), (16219.86, 0.01667), (16219.87, 0.02158)]"
27915240723,1669010093039,1669010093039,"[(16218.63, 0.09501), (16218.6, 0.22887), (16218.5, 0.002), (16218.47, 0.04), (16218.46, 0.04), (16218.03, 0.0143), (16217.92, 0.003), (16217.91, 0.10157), (16217.69, 0.001), (16217.68, 0.09267), (16217.57, 0.06165), (16217.55, 0.00266), (16217.47, 0.001), (16217.46, 0.1622), (16217.15, 0.00063), (16217.0, 0.00617), (16216.99, 0.001), (16216.94, 0.04783), (16216.93, 0.02615), (16216.91, 0.09318)]","[(16218.64, 0.00065), (16218.83, 0.001), (16218.86, 0.001), (16218.87, 0.04932), (16218.96, 0.09591), (16218.98, 0.00625), (16219.0, 0.01225), (16219.02, 0.24263), (16219.2, 0.23492), (16219.21, 0.08631), (16219.33, 0.04), (16219.37, 0.183), (16219.49, 0.00633), (16219.5, 0.09), (16219.56, 0.05041), (16219.63, 0.3316), (16219.66, 0.06781), (16219.81, 0.01825), (16219.86, 0.01667), (16219.87, 0.02158)]"
27915240793,1669010093139,1669010093139,"[(16218.5, 0.00123), (16218.47, 0.04), (16218.46, 0.04), (16217.94, 0.09368), (16217.92, 0.003), (16217.91, 0.10157), (16217.83, 0.0143), (16217.69, 0.001), (16217.66, 0.22887), (16217.57, 0.06165), (16217.55, 0.00266), (16217.47, 0.001), (16217.15, 0.00063), (16217.0, 0.00617), (16216.99, 0.001), (16216.94, 0.04783), (16216.93, 0.02615), (16216.91, 0.09318), (16216.9, 0.002), (16216.81, 0.001)]","[(16218.51, 0.00077), (16218.6, 0.27394), (16218.87, 0.30533), (16218.95, 0.27138), (16218.96, 0.09591), (16218.98, 0.00625), (16219.0, 0.01225), (16219.02, 0.24263), (16219.2, 0.28804), (16219.21, 0.08631), (16219.33, 0.04), (16219.37, 0.183), (16219.49, 0.00633), (16219.5, 0.09), (16219.63, 0.3313), (16219.65, 0.01571), (16219.66, 0.06881), (16219.73, 0.01571), (16219.74, 0.01028), (16219.78, 0.01028)]"
27915240834,1669010093240,1669010093240,"[(16218.46, 0.03508), (16218.44, 0.22887), (16217.94, 0.09368), (16217.92, 0.003), (16217.91, 0.08067), (16217.83, 0.0143), (16217.69, 0.001), (16217.57, 0.06165), (16217.55, 0.00266), (16217.48, 0.1744), (16217.47, 0.1566), (16217.45, 0.1622), (16217.15, 0.00063), (16217.0, 0.00617), (16216.99, 0.001), (16216.94, 0.04783), (16216.93, 0.02615), (16216.92, 0.07095), (16216.91, 0.09318), (16216.9, 0.002)]","[(16218.51, 0.00077), (16218.86, 0.00069), (16218.87, 0.30533), (16218.94, 0.25728), (16218.95, 0.27138), (16218.96, 0.09591), (16218.98, 0.00625), (16219.0, 0.01325), (16219.02, 0.24263), (16219.07, 0.03825), (16219.2, 0.28804), (16219.21, 0.08631), (16219.33, 0.04), (16219.37, 0.183), (16219.47, 0.1559), (16219.49, 0.40517), (16219.5, 0.09063), (16219.63, 0.1597), (16219.65, 0.01571), (16219.66, 0.06881)]"
27915240870,1669010093340,1669010093340,"[(16218.47, 0.01735), (16218.46, 0.03508), (16217.94, 0.09368), (16217.92, 0.003), (16217.91, 0.08067), (16217.83, 0.0143), (16217.69, 0.001), (16217.57, 0.06165), (16217.55, 0.00266), (16217.54, 0.22887), (16217.47, 0.001), (16217.15, 0.00063), (16217.0, 0.00617), (16216.99, 0.001), (16216.93, 0.02615), (16216.92, 0.07095), (16216.91, 0.09318), (16216.9, 0.002), (16216.81, 0.001), (16216.74, 0.01999)]","[(16218.51, 0.00077), (16218.86, 0.00069), (16218.92, 0.001), (16218.93, 0.41117), (16218.94, 0.25728), (16218.96, 0.09591), (16218.98, 0.00625), (16219.0, 0.01325), (16219.02, 0.24263), (16219.07, 0.03825), (16219.2, 0.28804), (16219.21, 0.08631), (16219.37, 0.183), (16219.48, 0.00181), (16219.49, 0.25537), (16219.5, 0.09063), (16219.52, 0.1495), (16219.61, 0.2), (16219.63, 0.1597), (16219.65, 0.01571)]"
27915240908,1669010093440,1669010093440,"[(16218.47, 0.01735), (16218.46, 0.03508), (16218.05, 0.001), (16217.95, 0.08563), (16217.94, 0.09433), (16217.92, 0.003), (16217.91, 0.08067), (16217.89, 0.00063), (16217.83, 0.0143), (16217.69, 0.001), (16217.57, 0.06165), (16217.55, 0.00266), (16217.54, 0.22887), (16217.48, 0.1744), (16217.47, 0.001), (16217.45, 0.1622), (16217.25, 0.00299), (16217.0, 0.00617), (16216.99, 0.001), (16216.93, 0.02615)]","[(16218.51, 0.00077), (16218.85, 0.001), (16218.86, 0.00069), (16218.92, 0.001), (16218.93, 0.51079), (16218.94, 0.25728), (16218.96, 0.09591), (16218.98, 0.25527), (16219.0, 0.01325), (16219.02, 0.24263), (16219.05, 0.00063), (16219.07, 0.03825), (16219.2, 0.28804), (16219.21, 0.08631), (16219.37, 0.183), (16219.48, 0.00181), (16219.49, 0.25537), (16219.5, 0.09063), (16219.61, 0.2), (16219.63, 0.1597)]"
27915240925,1669010093540,1669010093540,"[(16218.47, 0.01735), (16218.46, 0.03508), (16218.06, 0.22887), (16218.05, 0.001), (16217.95, 0.0209), (16217.94, 0.09433), (16217.92, 0.003), (16217.91, 0.08067), (16217.89, 0.00063), (16217.83, 0.0143), (16217.69, 0.001), (16217.55, 0.00266), (16217.47, 0.001), (16217.44, 0.01541), (16217.25, 0.00299), (16217.06, 0.06165), (16217.0, 0.00617), (16216.99, 0.001), (16216.93, 0.02615), (16216.92, 0.07095)]","[(16218.51, 0.00077), (16218.85, 0.001), (16218.86, 0.00069), (16218.92, 0.001), (16218.93, 0.51079), (16218.94, 0.25728), (16218.96, 0.09591), (16218.98, 0.25527), (16219.0, 0.01325), (16219.02, 0.24263), (16219.05, 0.00063), (16219.07, 0.03825), (16219.2, 0.28804), (16219.21, 0.08631), (16219.37, 0.183), (16219.48, 0.00181), (16219.49, 0.25537), (16219.5, 0.26253), (16219.61, 0.2), (16219.63, 0.1597)]"
27915240952,1669010093640,1669010093640,"[(16218.47, 0.01735), (16218.46, 0.03508), (16218.06, 0.22887), (16218.05, 0.001), (16217.94, 0.09433), (16217.92, 0.003), (16217.91, 0.08067), (16217.89, 0.00063), (16217.83, 0.0143), (16217.76, 0.01541), (16217.69, 0.001), (16217.55, 0.00266), (16217.47, 0.1566), (16217.45, 0.1622), (16217.44, 0.01541), (16217.25, 0.00299), (16217.06, 0.06165), (16217.0, 0.00617), (16216.99, 0.001), (16216.93, 0.02615)]","[(16218.51, 0.00077), (16218.85, 0.001), (16218.86, 0.00069), (16218.92, 0.001), (16218.93, 0.51079), (16218.94, 0.25728), (16218.96, 0.09591), (16218.98, 0.25527), (16219.0, 0.01325), (16219.02, 0.24263), (16219.05, 0.00063), (16219.07, 0.03825), (16219.19, 0.0007), (16219.2, 0.28804), (16219.21, 0.08631), (16219.37, 0.183), (16219.48, 0.00181), (16219.49, 0.25537), (16219.5, 0.41813), (16219.52, 0.1498)]"
27915240978,1669010093741,1669010093741,"[(16218.47, 0.01735), (16218.46, 0.03508), (16218.39, 0.0007), (16218.06, 0.22887), (16218.05, 0.001), (16217.94, 0.09433), (16217.92, 0.003), (16217.91, 0.08067), (16217.89, 0.00063), (16217.83, 0.0143), (16217.76, 0.01541), (16217.69, 0.001), (16217.55, 0.00266), (16217.48, 0.1744), (16217.47, 0.001), (16217.44, 0.01541), (16217.25, 0.00299), (16217.06, 0.06165), (16217.0, 0.00617), (16216.99, 0.001)]","[(16218.51, 0.00077), (16218.85, 0.001), (16218.86, 0.00069), (16218.92, 0.001), (16218.93, 0.51079), (16218.94, 0.25728), (16218.96, 0.09591), (16218.98, 0.25527), (16219.0, 0.01325), (16219.02, 0.24263), (16219.05, 0.00063), (16219.07, 0.03825), (16219.19, 0.0007), (16219.2, 0.28804), (16219.21, 0.08631), (16219.37, 0.183), (16219.48, 0.00181), (16219.49, 0.25537), (16219.5, 0.26253), (16219.52, 0.1495)]"
27915241009,1669010093841,1669010093841,"[(16218.47, 0.01735), (16218.46, 0.03508), (16218.39, 0.0007), (16218.06, 0.22887), (16218.05, 0.001), (16217.94, 0.09368), (16217.92, 0.003), (16217.91, 0.08067), (16217.89, 0.00063), (16217.83, 0.0143), (16217.76, 0.01541), (16217.69, 0.001), (16217.55, 0.00266), (16217.47, 0.1632), (16217.44, 0.01541), (16217.25, 0.00299), (16217.06, 0.06165), (16217.0, 0.00617), (16216.99, 0.001), (16216.93, 0.02615)]","[(16218.84, 0.1098), (16218.85, 0.26647), (16218.86, 0.00069), (16218.91, 0.002), (16218.92, 0.001), (16218.93, 0.51079), (16218.94, 0.25728), (16218.96, 0.09591), (16218.98, 0.25527), (16219.0, 0.01325), (16219.02, 0.0077), (16219.05, 0.00063), (16219.07, 0.03825), (16219.19, 0.0007), (16219.21, 0.08631), (16219.37, 0.183), (16219.48, 0.00181), (16219.49, 0.25537), (16219.5, 0.26223), (16219.61, 0.2)]"
27915241034,1669010093942,1669010093942,"[(16218.47, 0.01735), (16218.46, 0.03508), (16218.39, 0.0007), (16218.21, 0.00307), (16218.06, 0.22887), (16218.05, 0.001), (16217.94, 0.09433), (16217.92, 0.003), (16217.89, 0.00063), (16217.83, 0.0143), (16217.82, 0.06165), (16217.69, 0.001), (16217.55, 0.00266), (16217.49, 0.1744), (16217.47, 0.001), (16217.44, 0.01541), (16217.25, 0.00299), (16217.06, 0.06165), (16217.0, 0.00617), (16216.99, 0.001)]","[(16218.57, 0.00676), (16218.85, 0.26647), (16218.86, 0.28192), (16218.91, 0.002), (16218.92, 0.001), (16218.93, 0.51079), (16218.94, 0.25728), (16218.96, 0.09591), (16218.98, 0.25527), (16219.0, 0.01325), (16219.02, 0.0077), (16219.05, 0.004), (16219.07, 0.03825), (16219.14, 0.00067), (16219.19, 0.0007), (16219.21, 0.08631), (16219.37, 0.183), (16219.48, 0.00181), (16219.49, 0.25537), (16219.5, 0.09063)]"
27915241067,1669010094042,1669010094042,"[(16218.47, 0.01735), (16218.46, 0.03508), (16218.39, 0.0007), (16218.21, 0.00307), (16218.06, 0.22887), (16218.05, 0.001), (16217.95, 0.06473), (16217.94, 0.09433), (16217.92, 0.00063), (16217.83, 0.0143), (16217.82, 0.06165), (16217.55, 0.00266), (16217.48, 0.1556), (16217.47, 0.1632), (16217.44, 0.01541), (16217.25, 0.00299), (16217.06, 0.06165), (16217.0, 0.00617), (16216.93, 0.02615), (16216.92, 0.07095)]","[(16218.57, 0.00676), (16218.85, 0.26647), (16218.86, 0.28192), (16218.91, 0.002), (16218.92, 0.001), (16218.93, 0.51079), (16218.94, 0.25728), (16218.96, 0.09591), (16218.98, 0.25527), (16219.0, 0.01325), (16219.02, 0.0077), (16219.05, 0.00337), (16219.07, 0.03825), (16219.08, 0.00063), (16219.14, 0.00067), (16219.19, 0.0007), (16219.21, 0.08631), (16219.37, 0.183), (16219.48, 0.00181), (16219.49, 0.25537)]"
27915241108,1669010094140,1669010094140,"[(16218.47, 0.01735), (16218.46, 0.03508), (16218.39, 0.0007), (16218.21, 0.00307), (16218.06, 0.22887), (16218.05, 0.001), (16217.95, 0.06473), (16217.94, 0.09433), (16217.92, 0.00063), (16217.83, 0.0143), (16217.82, 0.06165), (16217.55, 0.00266), (16217.47, 0.001), (16217.44, 0.01541), (16217.25, 0.00299), (16217.06, 0.06165), (16217.0, 0.00617), (16216.93, 0.02615), (16216.92, 0.07095), (16216.91, 0.09318)]","[(16218.57, 0.00676), (16218.83, 0.5629), (16218.84, 0.002), (16218.85, 0.26647), (16218.86, 0.28192), (16218.91, 0.002), (16218.92, 0.001), (16218.93, 0.51079), (16218.94, 0.001), (16218.96, 0.09591), (16218.98, 0.00625), (16219.0, 0.01325), (16219.02, 0.0077), (16219.05, 0.00337), (16219.07, 0.03825), (16219.08, 0.00063), (16219.14, 0.00067), (16219.19, 0.0007), (16219.21, 0.08631), (16219.32, 0.01121)]"
27915241139,1669010094242,1669010094242,"[(16218.47, 0.01735), (16218.46, 0.03508), (16218.39, 0.0007), (16218.21, 0.00307), (16218.06, 0.22887), (16218.05, 0.001), (16217.95, 0.06473), (16217.94, 0.09433), (16217.92, 0.00063), (16217.83, 0.0143), (16217.82, 0.06165), (16217.55, 0.00266), (16217.49, 0.1744), (16217.47, 0.1632), (16217.44, 0.01541), (16217.25, 0.00299), (16217.08, 0.001), (16217.06, 0.06165), (16217.0, 0.00617), (16216.94, 0.001)]","[(16218.57, 0.00676), (16218.81, 0.56768), (16218.82, 0.51337), (16218.83, 0.5629), (16218.84, 0.002), (16218.85, 0.001), (16218.86, 0.00069), (16218.91, 0.002), (16218.92, 0.001), (16218.96, 0.09591), (16218.98, 0.00625), (16219.0, 0.01225), (16219.02, 0.0077), (16219.05, 0.00337), (16219.07, 0.03825), (16219.08, 0.00063), (16219.14, 0.00067), (16219.19, 0.0007), (16219.21, 0.08631), (16219.32, 0.01121)]"
27915241176,1669010094341,1669010094341,"[(16218.46, 0.01755), (16218.39, 0.0007), (16218.21, 0.00307), (16218.06, 0.22887), (16218.05, 0.001), (16217.95, 0.06473), (16217.94, 0.09433), (16217.92, 0.00063), (16217.83, 0.0143), (16217.55, 0.00266), (16217.47, 0.001), (16217.25, 0.00299), (16217.16, 0.01151), (16217.08, 0.001), (16217.06, 0.06165), (16217.0, 0.00617), (16216.96, 0.02), (16216.94, 0.001), (16216.93, 0.02615), (16216.92, 0.07095)]","[(16218.56, 0.05), (16218.57, 0.00676), (16218.81, 0.56768), (16218.82, 0.51337), (16218.83, 0.5629), (16218.84, 0.002), (16218.86, 0.00069), (16218.91, 0.002), (16218.96, 0.09591), (16218.98, 0.00625), (16219.0, 0.01225), (16219.02, 0.0077), (16219.05, 0.00337), (16219.07, 0.03825), (16219.08, 0.00063), (16219.14, 0.00067), (16219.19, 0.0007), (16219.21, 0.08631), (16219.32, 0.01121), (16219.37, 0.183)]"
27915241197,1669010094441,1669010094441,"[(16218.46, 0.01755), (16218.39, 0.0007), (16218.21, 0.00307), (16218.07, 0.02741), (16218.06, 0.22887), (16217.94, 0.09433), (16217.92, 0.00063), (16217.83, 0.0143), (16217.55, 0.00266), (16217.48, 0.1744), (16217.47, 0.3188), (16217.25, 0.00299), (16217.18, 0.001), (16217.16, 0.01151), (16217.08, 0.001), (16217.06, 0.06165), (16217.0, 0.00617), (16216.96, 0.02), (16216.94, 0.001), (16216.93, 0.02615)]","[(16218.57, 0.00676), (16218.81, 0.56768), (16218.82, 0.51337), (16218.83, 0.5629), (16218.84, 0.002), (16218.86, 0.00069), (16218.91, 0.002), (16218.96, 0.09591), (16218.98, 0.00625), (16219.0, 0.01225), (16219.02, 0.0077), (16219.05, 0.00337), (16219.07, 0.03825), (16219.08, 0.00063), (16219.14, 0.00067), (16219.19, 0.0007), (16219.21, 0.08631), (16219.32, 0.01121), (16219.37, 0.183), (16219.48, 0.00181)]"
27915241219,1669010094542,1669010094542,"[(16218.46, 0.01755), (16218.39, 0.0007), (16218.27, 0.001), (16218.21, 0.00307), (16218.07, 0.02741), (16218.06, 0.22887), (16217.94, 0.09433), (16217.92, 0.00063), (16217.83, 0.0143), (16217.55, 0.00266), (16217.47, 0.001), (16217.41, 0.07706), (16217.25, 0.00299), (16217.18, 0.001), (16217.16, 0.01151), (16217.08, 0.001), (16217.06, 0.06165), (16217.0, 0.00617), (16216.96, 0.02), (16216.94, 0.001)]","[(16218.57, 0.00676), (16218.81, 0.56768), (16218.82, 0.51337), (16218.83, 0.5629), (16218.84, 0.002), (16218.86, 0.00069), (16218.91, 0.002), (16218.96, 0.09591), (16218.98, 0.00625), (16219.0, 0.01225), (16219.02, 0.0077), (16219.05, 0.00337), (16219.07, 0.03825), (16219.08, 0.00063), (16219.14, 0.00067), (16219.19, 0.0007), (16219.21, 0.08631), (16219.31, 0.183), (16219.32, 0.01121), (16219.48, 0.00181)]"
27915241262,1669010094641,1669010094641,"[(16218.06, 0.19951), (16217.94, 0.09433), (16217.83, 0.0143), (16217.55, 0.00266), (16217.48, 0.1744), (16217.47, 0.1632), (16217.41, 0.06165), (16217.25, 0.00299), (16217.18, 0.001), (16217.16, 0.01151), (16217.08, 0.001), (16217.06, 0.06165), (16217.0, 0.00617), (16216.94, 0.001), (16216.93, 0.02615), (16216.92, 0.07095), (16216.91, 0.09318), (16216.69, 0.03), (16216.5, 0.00307), (16216.42, 0.00672)]","[(16218.47, 0.00064), (16218.57, 0.00676), (16218.8, 0.0181), (16218.81, 0.66812), (16218.82, 0.51337), (16218.83, 0.5629), (16218.84, 0.002), (16218.86, 0.00069), (16218.91, 0.002), (16218.96, 0.09591), (16218.98, 0.00625), (16219.0, 0.01225), (16219.02, 0.0077), (16219.05, 0.00337), (16219.07, 0.03825), (16219.08, 0.0064), (16219.14, 0.00067), (16219.19, 0.0007), (16219.21, 0.08631), (16219.27, 0.025)]"
